2771 4718
1481 388 1565 452 34

503 583 891 650 magnaeque
935 563 1174 632 multae
1207 565 1264 631 is
1293 563 1850 652 condemnabatur,
1896 561 2005 647 qui
2036 581 2217 630 reum
2248 560 2531 628 vinctum

505 686 728 766 sponte
773 680 1119 748 dimiserat..

635 795 753 864 Jue
795 794 1051 862 Slesvic.
1097 802 1226 862 ant.
1281 793 1320 878 ξ
1375 797 1457 860 14
1515 794 1580 876 (1.
1618 795 1731 875 c.):
1802 792 1913 877 „Si
1954 813 2101 858 vero
2148 791 2533 876 deprensum

503 911 705 978 furem
753 915 900 976 ante
939 911 1242 996 placitum
1273 910 1607 992 dimiserit,
1654 909 1945 978 similiter
1976 908 2111 990 regi
2139 905 2252 976 XL
2285 925 2533 973 mareas

505 1025 894 1109 emendabit,
941 1027 1043 1094 vel
1079 1027 1323 1110 jurabit
1365 1045 1559 1094 manu
1604 1025 2005 1107 duodecima,
2052 1043 2121 1089 se
2164 1042 2283 1090 nec
2324 1022 2535 1090 furem

505 1141 1012 1226 deprehendisse,
1059 1162 1174 1208 nee
1217 1142 1467 1224 ligasse.
1480 1141 1512 1174 ‘⁸

639 1257 716 1321 cf.
746 1255 928 1324 Stat.
973 1256 1222 1324 Flensb.
1283 1278 1338 1324 a.
1373 1245 1565 1324 '1284
1620 1260 1738 1322 art.
1782 1257 1909 1322 116
1964 1253 2081 1334 (de
2126 1250 2537 1338 Wesmhalen

502 1376 654 1438 tem.
690 1371 794 1460 IV,
842 1393 904 1457 p.
948 1375 1164 1454 1935).
1235 1371 1396 1440 Stat.
1441 1369 1683 1438 Goelat.
1732 1390 1798 1454 p.
1830 1371 1939 1453 36,
1972 1371 2077 1438 28.

1456 1552 1590 1640 §6.

509 1692 827 1772 Quomodo
861 1693 1066 1756 delicti
1095 1695 1348 1778 vestiyia
1381 1687 1435 1774 (n
1450 1691 1677 1782 lffliclue
1708 1689 2034 1774 bewisinye
2048 1683 2102 1772 α)
2131 1689 2387 1776 prolata
2416 1689 2545 1752 sinc

884 1819 941 1872 et
985 1809 1294 1872 accusatio
1337 1796 1635 1872 instructa
1682 1808 1759 1870 sit
1805 1805 2169 1890 explicatur.

639 1945 850 2012 Tertio
907 1947 1103 2029 igitur
1148 1946 1421 2015 clamore
1466 1945 1637 2015 edito
1680 1965 1828 2012 reus
1872 1945 1939 2012 in
1977 1943 2291 2027 judicium
2336 1943 2543 2011 intro-

506 2060 879 2145 ducebatur,
942 2081 1062 2146 quo
1108 2061 1274 2126 facto
1324 2061 1651 2147 apparitor
1695 2058 2035 2126 clamorem
2084 2057 2363 2126 sedabat.
2450 2057 2551 2127 Et

507 2177 801 2260 quoniam
845 2197 1023 2244 reum
1073 2177 1274 2260 qualis
1321 2177 1391 2242 in
1436 2175 1741 2244 maleficio
1790 2175 2217 2260 deprehensus
2244 2178 2417 2242 esset
2439 2177 2547 2238 ta-

503 2291 630 2358 lem
689 2292 886 2361 oculis
920 2292 1153 2375 judicis
1199 2292 1597 2377 propositum
1643 2310 1781 2358 esse
1816 2290 1953 2373 jam
2000 2305 2195 2376 supra
2238 2289 2545 2372 dimne,

507 2409 562 2475 si
607 2408 844 2491 aderat,
891 2412 1038 2475 ante
1083 2407 1297 2473 omnia
1341 2406 1611 2490 vestigia
1653 2406 1868 2473 delicti
1912 2405 2425 2489 ostendebantur,
2466 2404 2545 2471 id

508 2524 673 2607 quod
717 2523 993 2588 fontibus
1043 2522 1400 2608 appellatur

966 2638 1109 2722 „die
1153 2638 1481 2705 hanthafte
1525 2642 1622 2705 tat
1666 2634 2077 2705 bewisen.‘-‘

640 2753 850 2843 Atque
905 2754 1059 2822 haec
1115 2754 1370 2837 quidem
1424 2771 1579 2819 vera
1638 2757 1825 2837 atque
1881 2752 2140 2837 propria
2196 2755 2297 2822 est
2340 2750 2581 2833 sigui-'

357 2916 368 2926 .
507 2866 716 2933 ficatio
761 2869 932 2937 vocis
979 2864 1426 2953 „bewisen“¹);
1474 2887 1623 2933 nam
1666 2867 1835 2935 idem
1864 2868 2037 2961 ualet
2070 2872 2257 2953 atque
2286 2866 2357 2935 in
2384 2885 2541 2933 con-

511 2989 730 3067 spectu
760 3004 994 3069 ponere
1025 2983 1347 3067 oculisque
1375 2983 1705 3049 homiuum
1734 2982 2060 3065 subjicere,
2108 2983 2321 3065 itaque
2352 3002 2549 3067 saepe

510 3098 700 3165 verbo
750 3096 1168 3182 „betfighen“,
1214 3098 1282 3163 id
1327 3103 1426 3165 est
1468 3098 1733 3170 testibus
1780 3098 2049 3183 probare
2094 3102 2177 3179 et,
2224 3101 2295 3161 ut
2322 3096 2417 3161 ita
2446 3096 2549 3164 di·-

511 3234 672 3297 cam,
721 3216 930 3282 animo
976 3234 1348 3299 proponere,
1396 3214 1755 3299 opponitur.
1846 3213 1947 3282 Ac
1988 3213 2069 3279 de
2114 3211 2549 3297 proponendis

513 3328 900 3411 singulorum
952 3329 1322 3395 delictorum
1368 3328 1651 3411 vestigiis
1696 3346 1900 3413 pauca
1945 3327 2251 3395 dicantur.

647 3443 851 3510 Caede
897 3446 1090 3528 igitur
1133 3448 1499 3531 perpetrata
1542 3443 1879 3529 praecipue
1926 3461 2153 3529 corpus
2186 3442 2379 3509 occisi
2408 3462 2550 3509 sca-

513 3559 679 3630 binis
727 3560 969 3627 ostendi
1014 3580 1268 3627 necesse
1295 3565 1471 3643 erat,
1520 3560 1629 3642 qui
1658 3558 1985 3626 mortifera
2012 3557 2277 3625 vulnera
2306 3562 2551 3625 cetera-

515 3694 635 3763 que
691 3674 759 3741 in
805 3676 1108 3771 cadayere
1152 3672 1414 3743 inventa
1452 3674 1755 3757 vestigia,
1810 3679 1901 3739 ut·
1926 3674 2145 3760 plagas
2190 3673 2434 3741 ictusve
2482 3678 2557 3739 et

626 3834 666 3897 ι)
705 3831 998 3903 Homeyer,
1034 3832 1263 3902 glossar.
1301 3830 1373 3885 ad
1399 3829 1497 3901 jus
1532 3846 1691 3899 prov.
1716 3829 1842 3886 Sax.
1871 3847 1915 3885 e.
1943 3846 1995 3885 v.
2027 3830 2297 3901 „beweie“
2336 3835 2395 3885 et
2422 3830 2555 3901 „be-

515 3918 736 3974 wisen.“

2724 3176 2731 3443 1
