2771 4718
1474 314 1563 379 60

507 510 652 557 reus
688 490 1101 575 jurejurando
1145 491 1384 557 crimen
1430 490 1681 557 amoliri
1726 509 1852 555 non
1896 492 2114 575 posset
2154 488 2267 554 sed
2296 487 2543 554 actoris

496 606 858 691 juramento
904 607 1397 673 convinceretur.
1460 606 1837 690 Intelligitur
1866 609 2078 671 autem
2116 604 2235 669 hoo
2274 622 2355 669 ex
2384 622 2542 669 ver-

507 722 604 788 bis
650 720 896 805 glossae
943 722 1024 787 ad
1058 724 1164 807 jus
1211 742 1389 807 prov.
1424 721 1571 787 Sax.
1610 722 1658 805 I,
1696 724 1798 804 18,
1832 723 1904 786 2:

644 834 815 921 „Dat
857 836 937 903 de
981 856 1154 903 sasse
1199 857 1442 905 sweren
1486 837 1669 903 mach
1714 835 1827 902 dat
1868 836 1925 901 is
1954 856 2071 901 vor
2098 835 2227 917 dat,
2274 834 2385 900 dat
2424 852 2539 899 me

505 952 707 1019 under
749 972 888 1018 eme
931 952 1150 1018 nicht
1189 952 1462 1019 liflike
1508 953 1846 1019 bewisen
1890 947 2139 1015 mach.“
2510 1003 2517 1012 .

507 1072 571 1133 et
613 1066 860 1149 glossae
902 1067 982 1132 ad
1018 1067 1065 1149 I,
1087 1070 1200 1151 66,
1233 1072 1297 1133 1:
1348 1068 1507 1152 „Hir
1538 1069 1603 1149 (i.
1630 1088 1683 1134 e.
1724 1066 1793 1133 in
1830 1064 2190 1133 hanthafter
2219 1064 2355 1143 dat)
2384 1083 2536 1130 vor-

504 1186 684 1265 tiiget
722 1202 870 1249 men
911 1182 1032 1249 den
1077 1202 1294 1249 sassen
1334 1183 1573 1251 dorch
1614 1184 1746 1251 des
1786 1182 2078 1249 broken
2106 1178 2371 1245 liflike
2402 1178 2534 1247 be-

505 1298 828 1381 wisinge
871 1296 1195 1364 willen.“

637 1411 733 1478 Eo
784 1413 1011 1497 igitur,
1071 1414 1238 1497 quod
1283 1414 1583 1480 delictum
1628 1412 1825 1479 oculis
1862 1412 2089 1497 judicii
2131 1410 2532 1497 proponitur,

504 1526 578 1594 fit
630 1533 702 1593 ut
756 1548 902 1594 reus
932 1500 1210 1595 ‘infitiari
1255 1534 1559 1614 nequeat3
1614 1535 1688 1595 ut
1730 1529 1898 1595 enim
1942 1528 2167 1593 ceteris
2209 1526 2278 1592 in
2320 1525 2533 1591 causis

505 1642 574 1707 id
620 1642 940 1709 observari
971 1649 1214 1711 veteres
1243 1644 1597 1728 voluerunt,
1642 1649 1717 1710 ut
1760 1644 2023 1728 quisque
2066 1642 2153 1726 id,
2200 1640 2368 1726 quod
2400 1660 2535 1705 non

509 1778 716 1823 coram
770 1758 984 1843 judice
1027 1760 1278 1844 fecerit,
1337 1760 1625 1843 quamvis
1669 1759 2065 1825 notissimum
2112 1758 2201 1823 sit
2240 1757 2535 1841 abjurare

505 1874 712 1959 possit
724 1870 786 1957 ¹),
833 1875 928 1939 ita
956 1894 1029 1940 eo
1060 1894 1230 1958 casu,
1277 1895 1469 1960 quem
1492 1880 1861 1958 tractamus,
1904 1874 2025 1940 hoc
2050 1873 2311 1939 minime
2338 1870 2533 1956 valet,

506 2008 699 2073 quum
757 2008 904 2055 reus
965 2009 1108 2054 cum
1163 1971 1443 2058 facinore
1498 1992 1567 2055 in
1616 1990 1926 2075 judicium
1984 1989 2288 2055 adductus
2349 1987 2536 2072 quasi

505 2122 718 2169 eoram
767 2124 840 2170 eo
881 2103 1179 2171 delictum
1209 2107 1599 2172 commisisse
1626 2106 1918 2172 videatur
1944 2106 2209 2190 ideoque
2240 2104 2535 2188 abjurare

503 2238 632 2286 non
675 2220 895 2305 possit.
2246 2221 2261 2233 ⁸

640 2334 948 2414 Quoniam
998 2338 1206 2402 autem
1253 2355 1326 2401 eo
1339 2386 1357 2420 ,
1406 2336 1575 2421 quod
1620 2335 1886 2420 vestigia
1928 2334 2142 2402 delicti
2182 2335 2252 2401 in
2289 2334 2533 2420 judicio

505 2452 939 2535 ostenduntur,
983 2451 1078 2518 nil
1120 2451 1425 2538 probatur
1450 2453 1576 2519 nisi
1622 2452 1917 2519 delictum
1950 2452 2203 2518 omnino
2234 2451 2529 2516 commis-

505 2588 644 2632 sum
691 2587 857 2650 esse,
902 2587 1012 2632 reo
1056 2567 1182 2653 ipsi
1199 2587 1303 2633 ·ea
1348 2568 1708 2651 adhaerere,
1754 2574 1828 2634 ut
1868 2568 1925 2633 is
1972 2572 2188 2633 auctor
2232 2565 2529 2632 maleficii

504 2680 908 2765 significetur,
953 2701 1210 2749 necesse
1255 2688 1369 2749 est.
1431 2683 1652 2767 Neque
1694 2683 1762 2749 id
1806 2682 2059 2768 quidem
2104 2681 2390 2748 sufficere
2434 2682 2529 2747 vi-

503 2797 716 2864 deturt
761 2817 908 2864 nam
941 2799 1210 2882 vestigia
1253 2797 1468 2864 delicti
1512 2799 1571 2864 ei
1616 2817 1766 2864 casu
1812 2797 2151 2863 adhaerere
2179 2796 2279 2862 vel
2308 2797 2373 2861 vi
2406 2797 2528 2861 im-

501 2912 713 2997 posita
757 2931 894 2979 esse
935 2914 1122 2980 facile
1167 2914 1431 2997 cogitari
1474 2919 1714 3000 potest,
1768 2914 1861 2979 ita
1905 2917 1977 2979 ut
2018 2933 2095 2979 ea
2136 2933 2209 2979 re
2254 2911 2391 2979 sola
2430 2913 2528 2977 fa-

502 3027 681 3092 cinus
735 3047 881 3094 eum
941 3029 1272 3096 admisisse
1315 3034 1485 3096 certe
1528 3047 1655 3097 non
1700 3029 2109 3112 intelligatur.
2198 3027 2417 3112 Itaque
2460 3027 2528 3093 id

501 3139 816 3228 imprimis
873 3144 1171 3210 accedere
1226 3145 1439 3228 debet,
1503 3150 1576 3209 ut
1630 3163 1807 3210 reus
1861 3145 1942 3209 in
1998 3143 2525 3229 perpetrando

503 3257 800 3324 delicto
842 3259 964 3325 vel
1006 3260 1085 3325 in
1129 3261 1309 3344 fuga
1353 3259 1625 3326 delicti
1671 3259 2006 3325 clamore
2046 3258 2357 3324 sublato
2400 3259 2526 3323 de-

502 3371 940 3458 prehensus
979 3376 1460 3460 ,vinctusque
1506 3375 1597 3440 ab
1644 3379 1905 3442 actore
1950 3373 2526 3460 compluribus-

503 3510 650 3575 que
694 3491 894 3556 viris
945 3492 1307 3574 integrae
1354 3491 1762 3577 opinionis
1807 3489 1884 3557 in
1922 3489 2301 3575 judicium
2349 3509 2525 3575 pro-

503 3605 865 3690 ducatur,
911 3606 1370 3672 testimonio
1416 3605 2042 3689 affirmantibus,
2088 3604 2323 3671 talem
2348 3583 2525 3670 'eum‘

611 3851 652 3916 1)
679 3847 778 3919 jus
813 3865 970 3918 prov.
995 3849 1123 3906 Sax.
1159 3849 1202 3919 Ι,
1243 3851 1326 3919 18,
1363 3852 1417 3905 2.
