2771 4718
1277 399 1349 460 11

281 573 312 629 “.
427 571 791 637 Notandum
847 576 1058 638 autem
1117 575 1244 655 est,
1301 572 1477 640 illam
1531 573 1703 642 vocis
1753 624 1784 657 „
1802 570 2129 638 hanthafte
2172 575 2273 636 tat
2286 567 2319 604 “

284 685 613 752 notionem
627 735 647 769 ‚
707 705 896 770 quam
943 683 1138 772 supra
1179 684 1620 780 exposuimus,
1666 687 1923 752 statutis
1966 683 2324 752 Goslarien-

297 801 472 866 sibus
519 806 837 886 receptam
882 821 1010 867 non
1053 797 1266 885 ‘esse²),
1313 801 1469 867 adeo
1514 807 1587 867 ut
1627 802 1718 867 ibi
1755 801 2055 868 vocabulo
2095 800 2203 866 illo
2234 799 2325 864 nil

293 917 420 981 nisi
463 917 708 982 facinus
752 915 984 1002 ipsum,
1031 914 1098 984 in
1146 937 1268 1002 quo
1313 915 1545 1002 aliquis
1576 911 2085 1002 deprehenditur,
2100 915 2324 998 -signi-

293 1029 534 1097 ficetur.
571 1085 580 1095 .
627 1031 966 1098 Praeterea
1023 1033 1170 1098 addi
1226 1037 1465 1118 potest,
1524 1033 1592 1096 in
1650 1032 2025 1116 quibusdam
2072 1030 2325 1099 statutis

297 1144 760 1232 Guestphalieis
815 1167 992 1213 reum
1053 1148 1405 1214 confessum
1455 1155 1611 1213 'oum
1668 1145 2055 1233 deprehenso
2106 1145 2325 1214 eodem

293 1260 431 1327 loeo
491 1261 710 1327 haberi
723 1313 741 1346 ,
797 1268 872 1328 ut
931 1263 1134 1329 elucet
1189 1283 1223 1328 e
1267 1261 1532 1348 Ruperti
1574 1262 1830 1328 reform.
1864 1262 2059 1345 judio.
2102 1263 2322 1326 secret.

297 1395 354 1441 a.
394 1379 582 1442 1404.
631 1398 732 1462 qu.
767 1379 884 1443 25:
938 1377 1104 1461 „dar
1149 1397 1299 1443 man
1344 1395 1505 1443 enen
1551 1377 1690 1443 ovel
1734 1374 2005 1460 dadigen
2046 1390 2197 1442 man
2244 1395 2326 1441 an

293 1491 562 1557 friseher
605 1492 759 1575 deit,
807 1493 918 1558 dat
960 1493 1018 1558 is
1059 1493 1130 1557 in
1173 1493 1603 1558 westfalneher
1642 1493 1917 1578 spraken
1946 1492 2077 1557 mit*-
2093 1491 2326 1556 haven-

297 1605 410 1672 der
452 1607 610 1672 hant
653 1608 806 1673 oder
847 1608 968 1672 mit
1011 1607 1348 1690 gichtigem
1394 1607 1625 1674 monde
1668 1605 1947 1673 vindet.“

431 1721 610 1800 Quod
652 1722 720 1786 in
762 1722 990 1787 ceteris
1021 1721 1296 1788 fontibus
1319 1723 1487 1805 juris
1518 1719 1816 1788 Saxoniei
1843 1726 2169 1807 receptum
2197 1719 2326 1787 no'n

299 1857 434 1904 esse
488 1857 630 1924 pro.
663 1840 832 1902 oerto
887 1836 1244 1902 habendum
1301 1842 1426 1919 est3
1482 1837 1753 1920 legimus
1808 1837 1977 1904 enim
2023 1837 2213 1902 etiam
2258 1835 2325 1900 in

296 1949 450 2018 flore
500 1954 625 2037 jur.
667 1969 846 2049 prov.
891 1951 1041 2018 Sex.
1091 1951 1433 2038 (Homeyer
1476 1973 1539 2038 p.
1575 1951 1705 2019 375
1733 1950 1890 2038 sq),
1946 1968 2159 2033 reum,
2218 1949 2327 2033 qui

281 2068 632 2134 tormentis
685 2071 944 2133 eoactus
981 2063 1188 2153 primo
1235 2068 1490 2151 quidem
1534 2087 1603 2134 se
1646 2069 1891 2134 facinus
1935 2061 2328 2132 commisisse

298 2315 448 2381 gare
462 2346 481 2381 ,
537 2297 704 2383 quod
737 2298 950 2365 faeere
995 2299 1074 2381 ei,
1124 2298 1232 2384 qui
1275 2299 1341 2364 in
1390 2298 1617 2365 delicto
1662 2299 1997 2367 manifesto
2042 2300 2327 2384 eompre-

298 2414 530 2480 humus
577 2419 745 2496 erat,
803 2426 1126 2498 nun-quam
1171 2406 1419 2483 lieebat'.
1504 2415 1603 2481 De
1644 2410 1839 2481 simili
1883 2432 2075 2480 eausa
2118 2414 2327 2497 agitur

299 2533 538 2613 quaest.
569 2526 777 2612 Megd.
811 2529 859 2612 Ι,
899 2534 955 2610 1,
990 2531 1094 2595 25.
1175 2558 1182 2563 ·

371 2712 377 2717 ,
433 2644 532 2710 De
572 2662 724 2710 voce
755 2649 969 2711 autem
1003 2642 1424 2728 „handadig“‚
1472 2664 1597 2729 qua
1624 2645 1877 2731 saepius
1902 2645 2111 2711 fontes
2136 2648 2329 2711 utun-

297 2764 422 2843 tur,
467 2759 944 2827 memorandum
975 2765 1091 2843 est,
1141 2780 1216 2826 ea
1241 2780 1643 2844 nequaquam
1676 2780 1924 2846 semper
1952 2760 2021 2826 in
2046 2760 2326 2825 facinore

285 2874 776 2960 deprehensum,
821 2872 932 2941 sed
962 2876 1294 2961 permultis
1319 2874 1477 2941 loeis
1510 2894 1655 2941 eum
1684 2875 1933 2941 tantum
1964 2872 2324 2959 signifioari,

301 2990 408 3073 qui
453 2989 754 3057 delictum
797 2990 1052 3075 aliquod
1079 2988 1509 3077 perpetravit.
2155 2984 2163 2989 '

1237 3174 1276 3259 ᾧ
1320 3178 1379 3243 2.

303 3312 405 3375 De
449 3264 924 3396 deprehensione
965 3312 1062 3373 rei
1103 3312 1172 3375 in
1217 3311 1433 3375 delicto
1476 3309 1803 3395 manifesto
1848 3320 1904 3375 et
1934 3310 2015 3380 de,
2038 3308 2323 3374 clamore.

432 3449 776 3534 Postquam
817 3449 1015 3533 igitur
1057 3450 1210 3533 quid
1253 3468 1378 3515 vox
1426 3446 1795 3533 „hanthafte
1836 3445 1973 3515 tat“
2019 3444 2328 3530 signifieet

301 3565 576 3632 breviter
621 3565 903 3651 exposui,
952 3565 1032 3631 ad
1063 3564 1202 3631 rem'
1225 3566 1434 3651 ipsam
1461 3564 1911 3648 transgredior.
1978 3562 2101 3627 Ubi
2128 3561 2326 3628 male-

294 3679 514 3747 ficium
557 3680 904 3747 admissum
949 3686 1104 3763 erat,
1152 3685 1262 3747 aut
1303 3680 1360 3745 is
1406 3681 1515 3765 qui
1556 3680 1829 3746 violatus
1876 3682 2016 3744 erat
2052 3674 2157 3743 vel
2194 3674 2326 3745 vim

411 3927 452 3991 1)
487 3922 559 3978 of.
599 3923 888 3980 Goesehen
921 3923 960 3979 1.
985 3938 1035 3978 e.
1071 3938 1128 3992 p.
1153 3924 1278 3979 509.
