2771 4718
1435 334 1519 395 14

459 512 556 576 tes
612 508 978 594 saepissime
1031 508 1102 575 in
1141 474 1493 575 'interiores
1546 508 1800 575 aedium
1864 512 2079 593 partes
2132 506 2240 575 vel
2304 512 2491 575 extra

459 628 664 691 terrae
708 622 866 691 fines
910 623 1312 708 processisse.
1383 622 1737 692 Maleficum
1769 628 1981 689 autem
2024 622 2299 690 clamore
2342 622 2491 709 pul-

461 742 664 805 satum
715 738 886 807 domi·
927 738 1210 823 recipere
1254 738 1521 805 vetitum
1566 744 1733 821 erat,
1790 737 2181 823 Bremaeque
2226 738 2315 821 is,
2373 738 2495 821 qui

461 874 603 920 eum
658 857 984 938 receperat
1038 858 1517 939 receptumque·
1542 853 1887 937 celaverat,
1945 852 2071 919 XX
2124 871 2495 919 marcarum

458 986 666 1055 poena
711 966 1099 1037 afficiebatur
1146 967 1455 1049 (Oelrichs
1498 989 1563 1055 p.
1598 969 1773 1049 169).

595 1082 720 1151 Sed
767 1088 956 1150 antea
998 1082 1166 1165 dixi,
1219 1102 1360 1149 esse
1381 1146 1391 1151 ,
1416 1084 1710 1151 clamoris
1754 1083 1934 1151 illius,
1967 1102 2229 1149 causam
2273 1080 2495 1166 dupli·-

460 1218 626 1265 cem:
663 1197 1030 1263 accedamus
1059 1198 1254 1280 igitur
1285 1198 1366 1263 ad
1398 1198 1662 1264 alteram
1688 1198 1865 1265 illam
1890 1218 2155 1282 eamque
2176 1198 2495 1282 majorem

461 1312 916 1398 explicandam.
996 1312 1206 1381 Vicini
1265 1313 1433 1379 enim
1487 1332 1615 1379 non
1670 1314 1875 1381 solum
1900 1373 1909 1382 .
1930 1314 2350 1396 advocantur,
2413 1318 2495 1377 ut

462 1429 766 1497 auxilium
805 1429 1032 1511 ferant,
1079 1428 1192 1495 sed
1237 1430 1575 1514 praecipue
1608 1434 1681 1496 ut
1712 1434 1905 1497 testes
1920 1425 1961 1511 ¹)
2006 1428 2305 1496 facinoris
2350 1427 2493 1495 exi-

461 1549 650 1611 stant.
717 1544 884 1611 Nam
929 1564 1001 1609 eo
1033 1543 1188 1626 solo,
1235 1543 1404 1627 quod
1432 1544 1675 1611 facinus
1707 1544 1785 1611 ab
1818 1544 1959 1611 aliis
1992 1549 2209 1629 aperte
2238 1542 2513 1611 videtur»

462 1660 796 1743 omniaque
841 1678 1000 1742 quae
1047 1664 1188 1725 acta
1215 1664 1365 1725 sunt
1396 1658 1593 1727 oculis
1622 1678 1841 1725 eorum
1869 1663 2329 1745 proponuntur,
2376 1658 2491 1725 de-

458 1775 678 1843 lictum
735 1774 1022 1841 redditur
1073 1774 1497 1842 manifestum.
1569 1773 1769 1853 Quam
1825 1794 1960 1841 tem
2006 1776 2101 1841 ita
2140 1794 2211 1839 se
2256 1773 2491 1841 habere

461 1910 604 1957 cum
651 1910 731 1955 ex
775 1889 1064 1958 omnibus
1109 1888 1242 1957 fere
1285 1889 1465 1974 locis,
1518 1890 1749 1974 quihus
1792 1890 1847 1955 si
1876 1890 1969 1957 ‚dc
2014 1890 2349 1957 manifesto
2392 1890 2489 1955 fa·-

463 2006 674 2071 cinore
720 2005 930 2087 agitur
959 2022 1238 2089 ..semper
1281 2004 1577 2071 clamoris
1624 2004 1857 2072 sublati
1898 2004 2137 2073 mentio
2179 2003 2281 2087 fit,
2342 2025 2487 2090 per-

463 2120 747 2205 spicitur,
793 2126 930 2185 tum
977 2129 1060 2185 ex
1101 2118 1296 2187 Distt.
1327 2119 1437 2203 IV,
1480 2141 1535 2187 c.
1568 2123 1611 2187 6
1658 2122 1805 2187 dist.
1838 2122 1911 2186 8:

599 2234 785 2318 „Alle
829 2234 914 2319 dy
957 2254 1106 2301 man
1165 2235 1254 2301 in·
1287 2235 1650 2303 hanthafter
1700 2237 1811 2303 tad
1871 2234 2123 2319 begrifft
2166 2254 2249 2301 an
2292 2254 2487 2317 ungee

460 2350 663 2422 richte
708 2399 723 2416 .
754 2400 768 2416 .
797 2400 813 2417 .
861 2349 982 2416 daz
1029 2367 1112 2416 an
1157 2350 1275 2416 daz
1321 2350 1507 2419 leben
1552 2350 1749 2418 addet
1790 2358 2019 2435 gesunt
2060 2350 2213 2436 ged,
2260 2350 2345 2436 dy
2390 2349 2489 2418 sal

461 2486 612 2532 man
657 2465 778 2532 alle
824 2465 1197 2549 allerwegen
1241 2467 1360 2534 mit
1402 2466 1667 2550 gerufftc
1709 2467 2133 2552 vorbi-engen,
2190 2467 2357 2534 unde
2400 2467 2491 2552 dy

463 2581 757 2664 aJlewege
797 2581 1095 2663 ir‘czugen
1137 2580 1609 2652 selbsobende.“
1842 2637 1849 2644 .

463 2701 528 2763 et
567 2696 732 2766 libro
777 2697 941 2781 juris
987 2694 1166 2779 Glog.
1199 2716 1336 2783 cap.
1377 2700 1535 2766 197:
1598 2746 1634 2781 „,
1652 2695 2081 2780 Hanthafftige
2136 2703 2235 2764 tat
2275 2698 2361 2763 ist
2404 2697 2491 2764 do

464 2832 586 2898 eyn
628 2833 779 2880 man
824 2813 1131 2896 gefangen
1175 2813 1322 2880 wirt
1365 2812 1485 2880 mit
1526 2811 1855 2895 gerfiffte.“
2122 2850 2139 2862 a

464 2929 688 3012 quibus
759 2928 1048 2996 addenda
1113 2933 1262 2994 sunt
1327 2933 1473 2996 stat.
1518 2927 1707 2996 Verd.
1756 2933 1875 2996 art.
1922 2930 2045 2994 168
2113 2927 2497 3010 (Pufendnrf

377 3117 390 3130 ,
463 3041 626 3112 obss,
662 3065 806 3131 app.
839 3048 992 3109 tom.
1028 3042 1076 3126 Ι,
1108 3064 1171 3128 p.
1206 3045 1373 3122 130).

573 3282 616 3343 1)
653 3279 932 3338 Mentioue
968 3279 1200 3348 dignum
1235 3283 1338 3347 est,
1366 3278 1500 3349 juro<
1532 3293 1753 3347 quoque
1776 3284 1967 3342 vetere
1991 3281 2239 3340 Romano
2262 3280 2337 3336 ob
2360 3295 2489 3336 ean·

463 3375 588 3438 dein
627 3390 848 3430 causam
885 3380 1094 3432 tantam
1121 3375 1360 3430 ‚clamori
1384 3375 1497 3430 vim
1524 3375 1709 3430 tribui.
1768 3377 1907 3434 Nam
1932 3377 2127 3434 similis
2152 3378 2308 3446 ratio,
2343 3393 2487 3448 quae

462 3478 694 3542 apparet
729 3487 797 3526 ex
835 3473 918 3540 iis,
956 3489 1095 3542 quos
1130 3473 1382 3539 afferam,
1420 3472 1584 3542 locis,
1622 3478 1771 3527 certe
1809 3476 2162 3543 cognoscitur
2198 3477 2254 3529 in
2290 3476 2415 3545 lege
2451 3476 2489 3529 4

461 3573 492 3633 ξ
520 3571 549 3622 1
590 3569 658 3624 D.
695 3570 767 3624 ad
800 3567 908 3638 leg.
935 3569 1080 3638 Aqu.
1109 3572 1158 3638 9,
1189 3572 1250 3624 2:
1289 3569 1445 3640 „Lex
1480 3567 1590 3624 XII
1626 3569 1937 3625 tabularum
1976 3571 2151 3626 furem
2190 3565 2373 3627 noctu'
2395 3573 2485 3628 de-

461 3664 792 3733 prehensum
831 3667 1082 3723 occidere
1119 3665 1416 3736 permittit,
1454 3672 1516 3721 ut
1551 3671 1735 3726 tamen
1773 3669 1831 3726 id
1866 3669 2051 3737 ipsum
2084 3685 2211 3726 eum
2248 3671 2487 3726 clamore

461 3760 815 3835 testificatum
853 3765 1095 3820 interdiu
1132 3771 1314 3821 autem
1353 3765 1757 3834 deprehensum
1794 3766 1873 3824 ita
1906 3767 2181 3836 permittit
2215 3767 2486 3836 occidero,

463 3859 522 3928 si,
545 3859 598 3916 is
631 3875 692 3916 se
722 3861 834 3916 telo
858 3861 1142 3932 defendat,
1173 3867 1236 3920 ut
1268 3867 1457 3920 tamen
1484 3879 1671 3934 aeque.
1688 3881 1817 3922 cum
1839 3865 2079 3922 clamore
2102 3863 2484 3922 testificetur-,⁸⁸
