2771 4718
1452 376 1539 439 26

489 556 662 618 oerte
701 552 994 635 eognosei
1038 568 1166 617 non
1209 555 1447 637 posset,
1494 570 1646 615 num
1683 550 1901 617 endem
1932 570 2063 634 qua
2084 548 2517 634 deprehensus

485 672 652 733 esset
695 667 1054 733 eonditione
1095 681 1242 732 reus
1277 666 1477 749 judici
1522 667 2001 751 proponeretur.

617 780 1061 847 Pernoetatum
1115 802 1197 847 ne
1255 786 1423 847 esset
1476 780 1774 847 delictum
1830 798 2058 862 neene3
2118 777 2309 844 etism
2340 783 2518 843 -tnne

485 896 718 961 summi
776 902 912 962 erat
963 896 1304 979 momenti,
1362 916 1556 981 quum
1612 893 1897 961 malefico
1946 914 2081 959 non.
2122 892 2517 979 deprehenso

486 1010 756 1093 vestigia
807 1014 871 1077 et
912 1010 1148 1076 indicia
1191 1010 1405 1077 delicti
1452 1012 1733 1077 aderant.
1822 1008 1995 1087 Quae
2040 1010 2097 1074 si
2141 1009 2353 1075 statim
2368 1058 2389 1091 ‚
2446 1008 2518 1073 id

485 1130 581 1191 est
638 1124 857 1190 eodem
914 1125 1046 1209 die,
1097 1126 1296 1209 judici
1350 1126 1783 1211 probabantur
1840 1128 2050 1190 actore
2108 1123 2517 1209 metseptimo

475 1240 763 1323 jurante,
831 1260 899 1307 se
965 1239 1319 1307 maleficum
1388 1240 1685 1307 deliotum
1748 1244 2219 1326 perpetrantem
2278 1238 2519 1304 vidisse

485 1354 948 1439 elamoremque
981 1356 1275 1439 edidisse,
1301 1356 1411 1422 ille
1441 1356 1651 1422 banno
1679 1354 2208 1441 proscribebatur.
2264 1354 2521 1431 Quanta

492 1450 703 1536 sutem
747 1470 940 1536 fuerit
965 1470 1336 1537 differentia
1379 1473 1547 1537 inter
1592 1472 1902 1537 actionem
1948 1470 2167 1536 eodem
2198 1470 2301 1535 die
2328 1469 2519 1565 insti—

482 1588 692 1650 tutam>
745 1590 932 1669 atque
985 1606 1126 1651 eam
1139 1635 1157 1669 ‚
1229 1606 1389 1670 quae
1444 1586 1673 1653 dieitur
1732 1584 2216 1670 „ovemaehtige
2248 1582 2518 1667 'elage‘ss

481 1698 768 1765 videmus
825 1720 904 1765 ex
952 1700 1096 1785 jure
1143 1699 1493 1767 Gorlioensi
1546 1706 1665 1766 art.
1706 1702 1839 1783 50,
1886 1720 2156 1784 quocum
2200 1699 2522 1771 consentit

482 1813 818 1881 Culmense
861 1815 967 1900 ΠΙ,
1018 1818 1128 1898 10;
1179 1817 1287 1901 qui
1329 1816 1455 1883 loei
1500 1836 1665 1899 eum,
1712 1816 1822 1900 qui
1866 1816 2085 1883 eodem
2132 1815 2235 1880 die
2276 1834 2519 1900 propo-

481 1929 622 1995 sitis
671 1930 883 1996 delicti
927 1931 1212 2014 vestigiis
1258 1937 1586 1997 aecusatus
1631 1932 1735 2014 sit,
1786 1932 2041 1996 nonnisi
2085 1950 2196 1996 sex
2242 1929 2517 1997 testibus

485 2043 805 2128 adhibitis,
851 2046 960 2130 qui
1005 2051 1217 2113 autem
1260 2051 1445 2112 noete
1478 2046 1911 2113 intercedente·
1935 2050 2194 2129 argutus
2224 2045 2329 2129 sit,
2376 2043 2519 2110 sola

483 2176 677 2237 manu
721 2179 790 2225 se
836 2180 1187 2247 expurgare
1229 2180 1419 2248 posse
1459 2162 1757 2248 produnt.

535 2304 540 2310 ’Δ
615 2276 727 2339 Jus
775 2274 958 2340 G0r1.·
993 2276 1036 2340 l.
1071 2296 1157 2341 e.:
1223 2276 1569 2361 „Beolaget
1622 2296 1773 2341 man
1826 2276 1969 2342 eine
2014 2292 2269 2341 vrowen
2321 2274 2515 2340 umbe

482 2393 578 2456 tot
634 2389 808 2456 slaeh
866 2389 1017 2457 oder
1061 2392 1250 2458 umbe
1294 2392 1567 2460 wunden
1618 2393 1719 2458 die
1762 2392 1875 2458 des
1921 2391 2133 2458 selben
2178 2397 2357 2474 tages
2400 2390 2513 2457 be—

481 2506 680 2572 wisan
726 2507 824 2571 sin
869 2507 1000 2591 und
1032 2507 1182 2573 wirt
1225 2507 1326 2573 die
1355 2524 1565 2572 vrowe
1610 2507 1911 2590 geborget
1952 2505 2079 2572 uffe
2105 2506 2285 2572 reoht
2316 2505 2511 2592 (quod

481 2621 609 2686 nisi
653 2619 833 2687 fieret
873 2622 1081 2688 banno
1127 2621 1354 2688 mulier
1383 2623 1909 2705 adstringeretur)
1940 2622 2051 2688 des
2079 2623 2139 2688 is
2164 2621 2268 2688 die
2296 2638 2509 2688 vrowe

482 2734 676 2801 neher
723 2753 801 2802 zu
857 2737 1178 2819 untg'ende
1226 2737 1400 2802 selve
1444 2737 1715 2802 sebende
1760 2783 1775 2802 .
1812 2787 1828 2802 .
1862 2786 1881 2802 .
1930 2737 2053 2804 den
2096 2757 2245 2802 man
2280 2737 2511 2821 jenege

481 2856 594 2917 not
635 2871 774 2918 mer
821 2872 904 2917 an
950 2850 1042 2918 sie
1087 2851 1389 2934 geleggen
1430 2871 1634 2936 muge.
1698 2849 1955 2937 Sprioht
1994 2865 2147 2918 man
2188 2871 2341 2918 aver
2368 2853 2510 2919 eine

479 2987 734 3032 vrowen
790 2986 872 3046 an
931 2967 1120 3032 umbe
1179 2965 1354 3050 elage
1410 2967 1513 3034 die
1562 2967 1935 3033 vornaohtet
1986 2967 2062 3032 is.
2126 2967 2237 3033 des
2292 2967 2351 3032 is
2404 2967 2509 3034 die

477 3096 690 3148 πονο
733 3081 930 3148 neher
957 3099 1038 3146 zu
1063 3081 1400 3165 nntgende
1444 3083 1566 3148 mit
1605 3081 1663 3146 ir
1692 3083 1865 3148 eines
1910 3079 2067 3147 hant
2196 3131 2213 3147 .
2256 3083 2384 3148 dan
2413 3083 2510 3149 sie

477 3197 698 3280 einege
743 3201 856 3262 not
901 3215 1014 3262 vor
1060 3197 1177 3262 baz
1223 3215 1325 3262 me
1369 3181 1456 3262 de.
1497 3196 1701 3262 umbo·
1726 3194 1917 3262 lide.“
1984 3216 1989 3226 ·

589 3310 884 3378 Facinus
926 3309 1122 3396 igitur
1151 3325 1278 3378 non
1319 3311 1761 3398 pernoctatum
1806 3318 1947 3378 esse
1984 3312 2073 3404 fid
2118 3310 2335 3376 doliofi
2368 3331 2513 3378 ma·

477 3427 692 3493 nifesti
739 3429 1048 3493 actionem
1075 3409 1547 3493 'instituendam
1591 3432 1725 3492 tam
1768 3426 2195 3492 necessarium
2232 3431 2389 3509 erat,
2432 3431 2513 3494 ut

477 3542 536 3608 si
577 3539 698 3608 hoo
741 3541 981 3608 factum
1023 3547 1181 3626 eret,
1228 3543 1398 3608 aetio
1440 3542 1627 3628 plene
1673 3541 1801 3607 alia
1842 3539 2053 3624 fieret3
2098 3561 2295 3626 quare
2326 3542 2507 3627 *aetio

476 3662 846 3743 pernoctata
888 3658 955 3722 in
1002 3657 1222 3724 ordine
1257 3657 1394 3742 jud.
1446 3657 1559 3738 (30
1588 3657 1625 3740 ᾧ
1660 3659 1719 3737 1)
1766 3656 1999 3724 astioni
2044 3656 2257 3723 delicti
2298 3655 2508 3722 mani·-

475 3771 624 3838 fiesti
669 3773 1026 3858 opponitur.
1089 3771 1427 3839 Praeterea
1470 3772 1699 3839 delicto
1740 3775 2107 3857 pernootuto
2152 3777 2329 3838 sotor
2364 3791 2505 3838 rem

479 3887 650 3973 apud
674 3886 952 3971 judicem
981 3887 1407 3973 repentinum,
1452 3888 1561 3972 qui
1594 3885 1944 3971 „gogreve“
1976 3886 2323 3970 dicebatur,
2358 3906 2507 3972 per·-
