2771 4718
1271 334 1355 399 3⁷

285 506 512 575 Schott
555 530 619 595 p.
651 510 829 591 207).
903 509 1288 597 Saepissime
1331 510 1523 577 etiam
1568 516 1743 585 actor
1788 532 1979 596 quum
2026 532 2205 579 reum
2250 514 2319 582 in

285 623 638 691 custodiam
685 624 954 693 ducebat
984 625 1264 709 judicem
1307 646 1532 709 rogare
1578 625 1839 708 solebat,
1886 631 1957 691 ut
1996 628 2317 713 captivum

285 738 627 825 delictique
671 742 956 825 vestigia,
1005 762 1166 826 quae
1211 760 1424 808 secum
1469 741 1748 824 haberet,
1794 741 1963 808 illico
2008 763 2123 827 per
2160 744 2315 809 duos

281 856 543 921 nuntios
599 856 830 943 inspici
878 856 1158 939 juberet,
1217 876 1298 922 ne
1353 862 1575 942 postea
1632 856 1783 941 quid
1828 856 1971 923 dolo
2017 856 2117 923 vel
2165 876 2317 926 casu

279 970 746 1038 immutaretur.

419 1084 516 1151 cf.
547 1085 824 1169 glossam
869 1086 950 1151 ad
985 1087 1092 1170 jus
1121 1084 1403 1153 Weichb.
1448 1090 1593 1153 artt.
1626 1088 1733 1150 40.
1769 1088 1875 1151 88.

418 1197 764 1285 Postquam
792 1202 991 1284 igitur
1019 1201 1259 1266 scabini
1291 1202 1504 1267 delicti
1534 1201 1804 1282 vestigia
1832 1221 1940 1267 reo
1974 1201 2313 1269 adhaerere

283 1320 729 1398 cognoverunt,
777 1320 1056 1384 actorem
1097 1321 1266 1383 recte
1305 1337 1451 1383 eum
1480 1316 1855 1402 produxisse
1881 1315 2147 1400 ideoque
2168 1317 2313 1399 jure

283 1431 595 1497 actionem
641 1450 933 1497 exercere
978 1451 1165 1516 posse
1210 1430 1693 1516 respondebant.
1767 1429 1885 1504 Cui
1926 1432 2159 1497 actioni
2188 1430 2312 1497 sol-

281 1544 606 1610 lemnibus
641 1546 850 1611 verbis
893 1546 1224 1611 institutae
1269 1551 1443 1611 actor
1489 1544 1799 1630 quomodo
1844 1566 2020 1610 reum
2054 1546 2312 1611 convin-

281 1679 423 1725 cere
467 1659 658 1725 vellet
704 1661 973 1743 adjicere
1018 1659 1279 1743 solebat,
1325 1661 1695 1746 plerumque
1738 1660 1839 1725 his
1884 1660 2093 1726 verbis
2123 1680 2307 1725 usus:

419 1774 562 1858 „ich
587 1757 716 1841 ‘wil
762 1793 841 1841 en
887 1775 996 1841 des
1042 1773 1437 1844 ubirwinden
1480 1775 1601 1839 mit
1644 1774 1755 1839 der
1798 1774 2167 1841 hanthaften
2210 1780 2311 1841 tat

278 1889 446 1957 unde
491 1890 610 1955 mit
655 1891 776 1957 den
823 1891 1298 1957 schreima-nnen
1347 1887 1819 1957 selbsobende.“

411 2004 614 2082 Quam
680 2025 816 2071 rem
877 2026 960 2072 ne
1014 2006 1267 2073 omittat
1322 2006 1661 2091 praecipue
1717 2004 1797 2071 ob
1854 2024 1991 2069 eam
2050 2023 2308 2070 causam

277 2118 542 2186 Cautela
586 2120 939 2206 (Homeyer
983 2141 1046 2206 p.
1082 2121 1253 2203 395)
1311 2126 1587 2187 actorem
1642 2120 1968 2201 admonet,
2026 2124 2099 2184 ut
2154 2120 2307 2203 quid

265 2235 434 2319 juris
477 2236 562 2301 sit
603 2236 674 2303 in
719 2236 946 2304 delicto
991 2236 1346 2330 manifesto,
1395 2235 1609 2300 statim
1656 2235 1934 2301 scabinis
1970 2234 2039 2301 in
2068 2255 2306 2301 memo-

274 2349 438 2416 riam
491 2349 758 2435 redigat.
850 2350 1010 2418 Jure
1049 2350 1449 2434 Fribergensi
1462 2346 1503 2432 ¹)
1558 2350 1835 2416 actiones
1886 2350 1954 2414 in
1998 2350 2167 2428 fures
2212 2350 2305 2416 la-

274 2469 634 2549 tronesque,
681 2487 842 2551 quae
891 2463 1309 2550 „dibesgruz“
1343 2465 1443 2532 vel
1480 2461 1945 2547 „roubergruz“
1980 2465 2305 2550 appellan-

271 2585 408 2664 tur,
465 2581 756 2650 sollemni
815 2587 1004 2666 atque
1063 2586 1233 2648 certo
1284 2593 1462 2645 more
1506 2599 1755 2664 semper
1797 2580 2121 2646 institutas
2167 2599 2305 2647 esse

273 2709 354 2762 e‘x
423 2700 802 2764 statutorum
855 2697 1211 2783 praeceptis
1266 2695 1671 2778 intelligitur,
1742 2695 2085 2761 secundum
2144 2716 2304 2780 quae

273 2813 644 2897 priusquam
688 2831 833 2876 reus
879 2813 1421 2893 condemnaretur,
1467 2829 1594 2875 non
1641 2809 1843 2876 solum
1891 2811 2104 2876 omnia
2134 2811 2305 2892 juste

267 2927 440 2994 facta
459 2951 464 2956 ·
485 2947 624 2994 esse
665 2927 932 2992 duorum
963 2927 1364 2992 scabinorum
1392 2925 1751 2992 testimonio
1784 2923 2301 3008 confirmandum,

272 3043 384 3110 sed
441 3042 634 3112 etiam
693 3047 902 3110 actore
955 3041 1242 3125 legitima
1293 3040 1559 3126 implere
1614 3046 1943 3108 recusante
1998 3061 2145 3107 reus
2194 3041 2303 3108 ab-

267 3156 606 3224 solvendus
651 3161 808 3225 erat.

403 3271 764 3338 Instituitur
811 3277 1018 3340 autem
1067 3271 1230 3338 actio
1275 3270 1613 3338 manifesta
1654 3271 1908 3338 nonnisi
1952 3270 2030 3335 de
2062 3269 2299 3355 capita-

268 3387 434 3458 libus
481 3387 748 3470 delictiS,
797 3407 956 3472 quae
1001 3387 1068 3452 in
1113 3387 1479 3452 universum
1522 3386 1817 3452 dicu-ntur
1861 3382 2295 3468 „ungericht“,

270 3507 343 3568 ut
373 3502 450 3568 de
479 3501 668 3586 furto,
715 3502 960 3588 rapina,
1007 3501 1218 3584 caede,
1264 3501 1575 3584 incendio,
1617 3501 1700 3584 vi,
1732 3500 1910 3566 false.
1982 3500 2143 3565 Nam
2178 3499 2299 3565 etsi

270 3618 491 3684 ordine
511 3617 846 3700 judiciario
881 3617 1042 3702 (cap.
1069 3616 1180 3700 42)
1211 3616 1278 3681 in
1311 3636 1454 3682 eum
1488 3636 1752 3700 quoque,
1796 3616 1905 3701 qui
1934 3633 2073 3680 cum
2108 3635 2297 3680 curru

377 3863 419 3928 ι)
456 3859 545 3915 tit.
571 3859 640 3914 19
681 3859 898 3927 (Schott
933 3875 988 3929 p.
1016 3859 1162 3928 208).
