2771 4718
1454 335 1539 398 16

472 511 808 579 clamorem
863 512 1092 597 edidit,
1151 510 1276 578 nisi
1335 515 1622 577 coactum
1670 509 1779 575 ‘vel
1826 503 2011 594 justa
2054 498 2152 575 ex·
2190 505 2381 575 causa
2432 529 2505 575 se

473 629 778 695 clamasse
813 629 1073 713 juravit,
1120 645 1328 713 poena
1370 625 1553 692 XXX
1600 625 1947 692 solidorum
1993 623 2397 691 afficiebatur.

606 742 700 810 cf.
725 743 934 811 Brem.
959 743 1168 808 Kund.
1201 742 1384 808 Rulle
1416 744 1683 808 a.1450.
1712 747 1830 808 art.
1847 744 1952 808 30.
1988 761 2044 807 a.
2066 741 2255 807 1489.
2283 741 2503 806 art.46

473 858 781 942 (Oelrichs
821 879 883 944 p.
916 861 1062 925 723.
1100 859 1276 940 663).

605 973 861 1040 Clamor
917 979 1128 1040 autem
1179 973 1555 1060 plerumque
1593 970 1679 1038 -ab
1724 991 1828 1055 eo,
1882 967 1951 1036 in
1998 963 2187 1055 quem
2225 963 2507 1056 impetus

474 1091 676 1156 factus
735 1094 901 1172 erat,
967 1089 1106 1154 tolli
1161 1088 1434 1171 solebat,
1492 1088 1673 1172 isque
1728 1079 1953 1174 postea
2005 1085 2172 1172 apud
2223 1085 2509 1170 judicem

476 1205 705 1271 sotoris
749 1210 964 1290 partes
1009 1204 1387 1285 sustinebat3
1436 1204 1537 1269 sin
1582 1207 1792 1269 autem
1836 1203 1893 1267 is
1932 1202 2065 1268 sive
2096 1201 2337 1266 occisus
2368 1201 2507 1266 sive

475 1321 654 1403 gravi
697 1320 954 1386 vulnere
1003 1318 1269 1386 afflictus
1315 1339 1443 1385 non
1488 1323 1757 1404 poterat,
1804 1319 2163 1402 quicunque
2205 1335 2511 1402 praesens

473 1435 598 1500 fuit
647 1434 977 1500 clamabat.
1069 1433 1156 1499 Et
1201 1435 1455 1519 quidem
1498 1433 1736 1498 clamor
1780 1431 2293 1514 continuabatur,
2354 1431 2513 1496 dum

474 1549 794 1632 legitimus
851 1550 1109 1615 testium
1163 1569 1463 1616 numerus
1510 1537 1787 1631 adesset,
1845 1567 2113 1632 quorum
2157 1547 2353 1612 oculis
2396 1547 2513 1612 'de—

475 1665 696 1731 lictum
739 1669 1217 1750 proponeretur.
1287 1663 1493 1741 Quam
1538 1664 1617 1729 ob
1662 1683 1795 1730 rem
1839 1663 2239 1748 praecipiunt
2266 1660 2514 1727 Distin-

479 1776 770 1860 ctiones¹)
819 1777 1102 1864 aliaeque
1139 1780 1331 1863 leges⁹
1377 1785 1453 1846 ut
1478 1784 1575 1844 ter
1606 1813 1691 1827 --
1728 1776 2121 1863 „drystund“
2153 1811 2232 1824 -—-
2271 1777 2515 1843 clamor

481 1896 722 1962 edatur.
804 1894 1150 1981 Praecipue
1209 1891 1421 1959 autem
1478 1893 1556 1960 de
1608 1895 1689 1958 iis
1748 1893 1993 1959 delictis
2036 1890 2515 1959 vociferantium

481 2031 642 2077 esse·
671 2010 842 2093 leges
891 2009 1145 2093 jubent,
1203 2029 1471 2094 quorum
1522 2010 1791 2092 vestigia
1837 2014 1947 2074 ant
1988 2009 2167 2074 nulla
2208 2014 2359 2075 sunt
2402 2013 2517 2073 aut

483 2125 742 2208 exigua,
799 2128 872 2188 ut
928 2125 1199 2192 clamore
1254 2125 1395 2211 ipso
1452 2126 1709 2191 omnino
1762 2119 2060 2190 delictum
2104 2119 2509 2190 commissum

483 2259 620 2307 esse
665 2239 1048 2305 ostendatur.

616 2353 829 2433 Qualis
886 2353 1080 2422 fuerit
1121 2354 1388 2439 clamor,
1444 2354 1629 2421 hodie
1673 2351 1862 2442 plane
1904 2376 2033 2421 non
2077 2349 2510 2438 intel-ligimus,-

427 2518 434 2521 -
485 2490 678 2556 quum
746 2490 887 2537 mos
942 2471 1050 2537 ille
1107 2477 1284 2537 vetus
1343 2468 1731 2540 vociferandi
1786 2486 2046 2557 prorsus
2102 2471 2507 2552 obsoleverit3

483 2586 808 2672 multoque
851 2586 1061 2650 minus
1109 2587 1320 2651 animo
1368 2586 1665 2670 effingere
1695 2606 2050 2673 possumne,
2095 2580 2513 2671 unumquem-

487 2702 630 2786 que'
653 2702 854 2767 civem
900 2700 1172 2770 clamore
1215 2701 1384 2767 edito
1416 2722 1779 2769 succurrere
1808 2702 2054 2785 debere,
2103 2719 2294 2786 quum
2326 2700 2513 2767 hodie

483 2817 891 2900 magistratus
939 2818 1170 2903 potiuS,
1219 2817 1445 2901 quibus
1490 2817 1779 2903 publicae
1824 2818 2179 2883 securitatis
2220 2836 2376 2883 cura·
2402 2817 2515 2883 de·-

484 2934 616 2999 lata
661 2938 779 3016 est,
825 2932 1056 2997 delicta
1096 2932 1481 3014 investigare
1526 2938 1715 3016 atque
1760 2933 2051 3019 persequi
2094 2932 2351 2999 soleant.
2414 2930 2514 2997 Si-

475 3048 658 3132 mile,
703 3047 872 3133 quod
901 3047 1088 3113 hodie
1117 3047 1321 3114 adhuc
1349 3048 1419 3112 in
1448 3068 1568 3113 usu
1599 3049 1701 3131 sit,
1745 3046 1926 3113 affert
1955 3048 2199 3134 Dreyer
2211 3046 2279 3131 ²),
2316 3048 2517 3113 moris

485 3164 658 3229 illius
701 3182 818 3228 nos
865 3163 1449 3246 commonefacien8‚
1498 3163 1843 3229 secundum
1887 3184 2071 3247 quem
2118 3164 2184 3227 in
2230 3163 2519 3249 complu-

487 3279 662 3344 ribus
708 3278 890 3363 pagis
919 3277 1200 3360 vicisque
1245 3277 1457 3363 aliquo
1501 3278 1779 3365 periculo
1810 3279 2180 3344 imminente
2212 3278 2519 3344 scultetus

488 3392 642 3458 tu'ba
686 3411 904 3457 omnes
949 3392 1187 3457 incolas
1229 3394 1297 3457 in
1333 3414 1531 3459 unum
1559 3393 1766 3460 locum
1799 3399 2117 3461 convocat.
2171 3392 2305 3459 Nec
2328 3394 2515 3476 igno-

490 3513 626 3575 tum
673 3512 782 3573 est·
814 3507 1138 3593 campanis
1181 3509 1551 3574 sonantibus
1580 3510 1770 3575 etiam
1800 3508 1986 3574 hodie
2016 3508 2302 3589 homines
2331 3509 2521 3574 undi-

491 3624 611 3707 que
657 3642 1027 3692 concurrere
1073 3623 1292 3690 solere.
1353 3622 1493 3690 Hoc
1534 3624 1720 3689 modo
1759 3625 1892 3707 jam
1926 3624 2240 3690 veteribus
2268 3629 2517 3710 tempo-

449 3810 452 3815 -
564 3763 640 3847 ἰ)
678 3781 746 3849 11,
786 3796 835 3835 ο.
860 3782 913 3835 3.
951 3781 1077 3836 dist.
1105 3783 1157 3835 2.

595 3869 639 3936 ²)
676 3869 1108 3925 Nebenstunden
1143 3885 1199 3939 p.
1227 3870 1314 3925 79.
