2771 4718
1500 305 1585 369 58

520 479 738 546 monia
793 479 1148 548 adhibenda
1205 499 1360 548 esse.
1452 479 1571 546 Jus
1626 485 1835 547 autem
1880 477 2337 546 Brunsvioense
2378 477 2417 563 ξ
2456 480 2549 546 28

523 593 904 676 (Behtmeier
947 594 991 661 l.
1025 595 1111 677 o.)
1153 593 1535 678 generaliter
1576 596 1660 662 de
1698 597 1837 662 fure
1882 595 2037 662 dicit
2078 594 2263 662 haee:

541 763 544 766 .
655 709 948 794 „Svelioh
993 711 1128 778 dief
1164 711 1483 798 begropen
1528 715 1689 777 wert
1718 760 1733 776 .
1762 744 1779 776 .-
1806 756 1823 776 .
1856 710 1935 776 de
1966 710 2147 793 have,
2192 710 2271 775 de
2300 709 2383 774 he
2410 707 2551 774 sich

521 824 990 900 underwunden
1033 825 1250 909 heret,
1311 825 1389 892 (16
1434 826 1529 893 sal
1573 845 1722 891 man
1765 825 1895 891 ime
1934 843 2099 910 oppe
2144 825 2265 890 den
2308 823 2552 906 mogke

521 941 772 1024 binden‚
805 961 936 1006 uun
963 939 1082 1006 dar
1109 941 1324 1006 midde
1353 941 1756 1008 overwinnen
1786 941 1909 1006 mit
1928 941 2102 1006 sines
2120 959 2303 1006 661166
2322 936 2551 1004 hant.“

656 1054 924 1124 Statutis
967 1056 1238 1142 denique
1281 1056 1535 1122 urbium
1564 1053 2023 1122 Gimbrioarmn
2064 1055 2145 1120 ad
2174 1055 2551 1120 eonvinoen-

520 1171 670 1236 dum
713 1172 918 1238 furem
963 1173 1368 1239 manifestum
1412 1171 1653 1237 nullum
1702 1169 1932 1237 actoris
1963 1170 2407 1256 jusjurandum
2436 1169 2550 1234 de-

520 1284 864 1352 sideratum
911 1306 1050 1355 esse
1093 1307 1290 1374 supra
1333 1288 1421 1374 (p.
1452 1287 1523 1370 4)
1557 1269 1693 1370 jmn
1738 1287 1977 1354 dietum
2022 1290 2137 1352 est.

1444 1473 1482 1557 ξ
1522 1475 1621 1540 11.

1199 1609 1304 1696 De
1339 1631 1549 1695 poena
1596 1579 1867 1673 convicti.

652 1745 858 1825 Quum
891 1753 1104 1816 autem
1133 1753 1308 1816 aotor
1329 1767 1475 1815 oum
1500 1748 1767 1816 testibus
1788 1747 2231 1834 jusjurandum
2255 1745 2547 1830 dixisset,

516 1882 788 1948 reusque
831 1866 1284 1930 condemnatus
1317 1869 1501 1948 esset,
1548 1864 1721 1930 nullo
1752 1864 1938 1929 modo
1968 1881 2238 1950 poenam
2266 1859 2549 1944 effugere

516 1982 786 2065 poterat.
841 1979 1002 2046 Nam
1031 1981 1138 2064 jus
1175 1981 1523 2046 sententiae
1550 1979 2004 2066 reprobandae,
2054 1997 2175 2063 quo
2202 1978 2550 2062 unusquis-

519 2113 640 2179 que
684 2094 784 2160 vir
825 2094 988 2161 liber
1030 2095 1126 2162 uti
1169 2099 1449 2181 poterat,
1500 2115 1575 2161 eo
1620 2095 1789 2179 quod
1831 2095 2077 2160 vinetus
2122 2113 2548 2178 magnamque

515 2209 584 2274 in
615 2209 1036 2294 suspicionem
1069 2214 1329 2276 vocatus
1354 2186 1837 2296 producebatur,
1884 2209 2201 2275 amiserat„
2262 2208 2549 2275 Poenam

517 2328 730 2392 autem
775 2322 991 2391 statim
1037 2325 1230 2392 dabat
1271 2324 1373 2392 vel
1419 2325 1647 2412 eapitis
1687 2324 1999 2411 supplicio
2044 2323 2147 2391 vel
2188 2343 2385 2390 manu
2432 2324 2549 2391 ab-

517 2442 732 2508 scissa.
808 2440 1077 2507 Veniam
1129 2440 1459 2507 aoeneatu's
1502 2460 1827 2525 nunquam
1866 2438 2277 2527 impetrabat:
2333 2458 2548 2525 poena

515 2574 644 2622 non
687 2556 906 2621 durior
939 2561 1078 2623 erat
1121 2575 1310 2640 quam
1339 2557 1407 2622 in
1439 2557 1662 2623 oeteris
1694 2556 1919 2622 causis,
1972 2554 2295 2621 Interdum
2324 2560 2541 2621 antem

513 2674 696 2737 tanta
739 2670 1060 2737 eeleritate
1105 2670 1473 2737 damnatum
1518 2670 1830 2757 supplicio
1874 2660 2168 2737 affectum
2212 2668 2539 2753 66661631-

513 2805 677 2870 111116,
705 2792 778 2852 ut
803 2786 1028 2852 horror
1055 2806 1174 2853 nos
1204 2787 1447 2872 capiat3
1474 2786 1565 2852 sio
1594 2782 2035 2872 Garpzoviuffl)
2062 2803 2539 2867 nonnumquam

512 2901 980 2967 interfeotorem
1014 2902 1629 2986 atque-interfectum
1658 2921 1785 2967 uno
1814 2900 2057 2967 tumulo
2089 2899 2367 2985 sepultos
2400 2919 2543 2965 esse

514 3020 751 3081 narrat.
815 3014 1082 3101 Saepius
1130 3016 1326 3082 etiam
1363 3017 1575 3101 ipsum
1622 3021 1899 3083 actorem
1938 3013 2247 3082 oarnifiois
2274 3034 2541 3081 munere

511 3131 798 3199 functum
851 3149 992 3196 esse
1043 3150 1124 3196 ex
1169 3128 1360 3197 Distt.
1396 3128 1483 3214 11,
1530 3150 1583 3196 o.
1618 3130 1659 3197 3
1706 3130 1851 3197 dist.
1884 3133 1927 3196 2
1972 3134 2267 3215 apparet,
2322 3128 2437 3195 ubi
2480 3130 2541 3194 is

514 3247 622 3331 qui
665 3245 843 3332 pacis
871 3244 1244 3312 violatorem
1289 3246 1461 3311 domi
1505 3266 1657 3313 suae
1702 3245 2111 3332 deprehendit
2144 3244 2385 3329 judicio
2424 3244 2545 3309 ad-

514 3366 733 3429 vooato
777 3365 971 3447 eaput
1011 3358 1108 3427 illi
1150 3362 1516 3447 praecidere
1553 3379 1915 3452 *corpusque
1954 3359 2071 3425 sub
2104 3359 2327 3425 limine
2352 3378 2547 3444 sope-

510 3478 628 3543 lire
659 3468 938 3561 jubetur,
983 3476 1262 3561 itemque
1299 3494 1378 3542 ex
1409 3475 1601 3542 Distt.
1628 3476 1733 3559 IV,
1766 3496 1819 3543 o.
1844 3479 1917 3541 11
1952 3475 2097 3541 dist„
2126 3477 2187 3557 2,
2234 3492 2362 3557 quo
2394 3473 2543 3539 loeo

515 3610 688 3675 eum,
747 3592 856 3675 qui
909 3610 1175 3656 uxorem
1217 3590 1633 3657 fornicantem
1678 3609 1805 3656 una
1850 3610 1991 3656 eum
2039 3588 2321 3682 adultero
2368 3588 2541 3655 oeci-

620 3838 661 3903 1)
700 3836 881 3889 Praot.
908 3850 1010 3889 rer.
1037 3798 1190 3889 erim.
1230 3834 1326 3903 ΠΙ,
1363 3849 1457 3903 qu.
1486 3834 1591 3888 126
1622 3846 1775 3891 num.
1801 3834 1887 3889 7⁰2.
