2771 4718
1476 385 1561 452 36

629 563 821 651 „Wer
871 567 939 631 in
995 565 1359 631 hanthafter
1414 563 1526 629 tad
1580 563 1866 648 begrifen
1920 567 2110 647 wert,
2172 561 2293 629 den
2350 561 2527 628 schol

493 703 642 748 man
688 683 808 748 mit
851 681 1084 747 urteiln
1133 680 1376 746 smiden
1422 700 1503 745 an
1548 680 1637 766 dy
1678 677 1861 746 bar.“

625 796 694 864 Si
739 798 817 864 de
861 798 1212 882 irruptione
1256 796 1324 860 in
1361 796 1619 861 domum
1646 795 1819 861 facta
1850 794 2172 878 agebatur,
2220 791 2525 858 advocato

480 911 718 998 judicio
765 913 1029 979 vulnera
1074 911 1518 995 conclaviaque
1562 911 1899 976 deturbata
1944 943 2027 956 —-
2080 909 2223 993 „die
2254 907 2529 974 wunden

489 1028 654 1094 unde
711 1029 823 1093 das
878 1027 1246 1112 gewundete
1305 1024 1716 1108 getzimmer“
1768 1061 1851 1072 --
1906 1023 2525 1090 demonstrabantur.

486 1142 715 1208 Mulier
761 1149 991 1227 autem,
1041 1161 1200 1226 quae
1244 1143 1377 1207 vim
1423 1161 1615 1226 passa
1654 1147 1809 1224 erat,
1858 1161 1967 1208 ore
1996 1131 2255 1206 confuso
2285 1137 2527 1224 passis-

491 1279 610 1342 que
656 1259 932 1324 crinibus
981 1263 1045 1323 et
1089 1257 1352 1322 discissa
1393 1261 1567 1322 veste
1600 1257 1681 1322 ad
1703 1245 1983 1341 judicem
2012 1256 2227 1321 volare
2256 1253 2529 1320 debebat

489 1393 564 1438 ea
623 1393 692 1439 re
751 1379 1040 1458 stuprum
1099 1371 1220 1438 sibi
1275 1371 1523 1437 illatum
1584 1392 1723 1438 esse
1778 1372 1931 1437 satis
1976 1372 2113 1455 jam
2159 1369 2525 1450 declarans3

487 1508 639 1552 nam
685 1488 810 1554 alia
855 1487 1070 1554 delicti
1115 1488 1435 1554 commissi
1480 1488 1549 1553 in
1594 1507 1857 1573 corpore
1902 1487 2035 1571 ejus
2094 1486 2395 1568 vestigia,
2444 1503 2529 1555 ne

487 1602 691 1691 pudor
721 1603 1096 1686 laederetur,
1143 1609 1387 1669 veteres
1430 1623 1556 1668 non
1590 1589 2051 1686 desiderabant,
2100 1593 2172 1667 ut
2200 1601 2412 1684 glossa
2444 1599 2529 1664 ad

477 1720 584 1802 jus
630 1739 808 1804 prov.
847 1717 993 1784 Sax.
1027 1717 1104 1802 II,
1150 1721 1257 1801 64,
1310 1723 1338 1784 1
1390 1717 1782 1784 testificatur.
1876 1717 2002 1784 Sed
2046 1722 2377 1803 praeterea
2412 1715 2527 1800 jus

485 1833 950 1917 Bambcrgense
999 1833 1060 1916 (ξ
1099 1833 1250 1914 145)
1293 1839 1535 1900 vestem
1582 1833 1865 1899 mulieris
1898 1833 2203 1916 sanguine
2234 1831 2527 1914 oblitam,

489 1971 648 2034 quae
695 1949 785 2014 ibi
831 1946 1200 2032 „hanthaft“
1239 1937 1340 2029 (cf.
1377 1969 1571 2034 supra
1599 1968 1662 2033 p.
1697 1948 1801 2029 19)
1846 1948 2222 2034 appellatur,
2272 1952 2529 2032 stupra-

488 2067 612 2130 tori
671 2065 994 2147 alligatam
1041 2063 1242 2146 judici
1297 2062 1719 2128 demonstrari
1766 2064 1981 2147 jubet,
2040 2064 2217 2147 cujus
2272 2063 2367 2128 rei
2417 2061 2531 2126 hic

488 2181 724 2245 mentio
748 2178 879 2262 fiat,
913 2179 1060 2263 quia
1084 2179 1188 2243 et
1161 2197 1305 2261 Jure
1331 2178 1643 2245 Saxonico
1667 2179 1735 2243 id
1764 2179 2083 2246 interdum
2116 2171 2531 2244 observatum

491 2315 628 2361 esse
672 2293 1016 2359 verisimile
1061 2298 1176 2358 est.

623 2410 691 2477 Si
733 2410 932 2476 falsae
977 2414 1266 2474 monetae
1313 2410 1477 2475 actio
1524 2408 1963 2493 exercebatur,
2024 2408 2267 2475 nummi
2312 2408 2533 2473 vitiati

485 2524 1014 2611 producebantur,
1063 2544 1184 2609 quo
1205 2525 1387 2590 facto
1410 2524 1607 2608 judex
1639 2524 1892 2589 nuntios
1922 2524 1991 2588 in
2021 2528 2339 2589 monetam
2370 2522 2530 2588 mit-

487 2640 681 2723 tebat,
711 2643 785 2704 ut
811 2638 899 2703 ibi
931 2646 1431 2721 cognosceretur,
1464 2644 1675 2707 utrum
1702 2639 1984 2723 corrupti
2016 2644 2229 2705 essent
2246 2657 2445 2705 necne
2454 2634 2526 2719 ¹.)

486 2754 912 2820 Instrumenta
957 2773 1201 2837 quoque
1247 2773 1407 2837 quae
1454 2754 1533 2819 ad
1566 2758 1884 2819 monetam
1915 2754 2138 2819 falsam
2168 2754 2528 2820 feriendam

487 2870 806 2954 pertinent
852 2874 915 2934 et
955 2868 1202 2934 forfices
1249 2868 1473 2952 quibus
1519 2870 1761 2935 nummi
1798 2868 2151 2934 circumcisi
2180 2874 2363 2935 erant
2391 2890 2530 2935 una

487 3003 633 3050 cum
676 3004 784 3049 reo
829 2984 1156 3069 proposita
1201 3004 1340 3051 esse
1383 3004 1501 3069 pro
1546 2991 1717 3049 certo
1762 2978 2119 3049 habendum
2166 2992 2279 3051 est.

621 3099 718 3165 De
771 3098 940 3163 furto
997 3098 1264 3183 denique
1323 3100 1377 3163 si
1434 3100 1597 3164 actio
1650 3099 2091 3167 intendebatur
2134 3120 2237 3167 res
2282 3100 2531 3166 furtiva

488 3216 614 3281 furi
662 3214 919 3297 alligata
965 3213 1431 3297 ostendebatur,
1476 3215 1543 3279 id
1585 3208 1755 3299 quod
1800 3215 2029 3281 dicitur

1007 3329 1152 3413 „die
1195 3327 1359 3395 dube
1406 3330 1481 3393 uf
1515 3348 1625 3414 ym
1668 3326 2009 3397 bewisenf‘

491 3445 616 3511 Sed
661 3445 716 3510 si
759 3444 862 3509 fur
907 3444 1277 3529 priusquam
1323 3445 1793 3530 produceretur,
1840 3446 1907 3511 in
1944 3465 2193 3511 carcere
2224 3445 2525 3512 detentus

485 3562 697 3645 ibique
756 3560 998 3625 solutus
1057 3565 1224 3643 erat,
1285 3560 1485 3643 judex
1538 3561 1717 3625 testis
1778 3566 1943 3645 erat,
2002 3562 2191 3627 talem
2251 3560 2529 3647 produci

489 3676 692 3761 qualis
737 3676 802 3741 in
849 3695 1166 3742 carcerem
1213 3676 1531 3761 conjectus
1566 3680 1751 3744 esset.
1802 3675 1985 3759 (Stat.
2012 3675 2180 3741 Frib.
2214 3677 2311 3743 tit.
2344 3678 2449 3760 19,
2478 3679 2525 3741 3

529 3888 640 3987 .¹)
677 3918 783 3975 Jus
819 3919 966 3975 Frib.
1004 3922 1094 3977 tit.
1121 3922 1154 3977 7
1189 3919 1411 3988 (Schott
1442 3936 1499 3989 p.
1526 3920 1671 3988 182).

2706 4342 2723 4718 Ι
