2771 4718
1428 399 1511 461 52

446 573 636 638 etiam
681 573 748 638 in
791 549 1184 655 gravissimis
1230 570 1631 658 criminibus,
1690 574 1900 640 minor
1942 573 2137 640 fuisse
2181 571 2471 658 traditur,

443 693 515 753 ut
555 689 812 754 statutis
859 687 1362 754 Gosl-ariensibus
1377 736 1397 770 ,
1452 687 2070 774 Hamburgensibus,
2116 688 2477 756 Bremensi-

444 803 560 868 bus
571 801 634 885 ¹).
707 803 832 869 Sed
875 801 944 869 in
987 803 1128 886 illis,
1163 803 1354 869 aliam
1400 803 1712 889 probandi
1755 805 2069 872 rationem
2114 808 2303 888 atque
2328 804 2477 886 jure

442 938 618 1004 prov.
693 918 1005 984 Saxonioo
1077 917 1479 985 ‘observatam
1546 941 1683 986 esse
1734 921 1873 1004 jam
1932 925 2119 986 antea
2177 919 2477 1002 vidimuS,

443 1055 637 1118 quum
680 1034 1120 1119 probationem
1163 1054 1278 1120 por
1319 1035 1515 1102 testes
1559 1034 1697 1101 fieri
1732 1034 1986 1118 vellent,
2036 1035 2145 1120 qui
2174 1035 2259 1118 id,
2308 1034 2478 1118 quod

441 1149 748 1214 vidissent
793 1149 894 1215 vel
939 1150 1348 1234 audivissent,
1393 1149 1855 1236 profiterentur.
1939 1149 2077 1216 Hoc
2120 1169 2271 1216 casu
2318 1149 2475 1216 duos

443 1261 762 1331 suffecisse
807 1265 1020 1351 palam
1043 1271 1181 1349 est,
1229 1286 1344 1353 per
1392 1287 1547 1352 quos
1594 1286 1811 1333 verum
1860 1266 2015 1332 satis
2044 1265 2473 1333 confirmatur.

469 1415 475 1419 ι
576 1377 1029 1449 Testimonium
1077 1387 1288 1448 autem
1333 1381 1627 1448 dicebant
1667 1381 1735 1464 ii,
1782 1381 1892 1464 qui
1920 1380 2195 1448 clamore
2210 1380 2476 1448 sublato

443 1533 523 1542 —
575 1517 765 1581 quam
811 1497 890 1562 ob
937 1517 1072 1563 rem
1119 1497 1491 1583 saepissime
1514 1547 1519 1554 .
1539 1494 2099 1592 „sobreimanneffl
2150 1495 2479 1582 appellan-

440 1618 544 1677 tur-
593 1647 675 1658 ·-
725 1613 1012 1678 advocati
1069 1613 1282 1678 omnia
1334 1633 1497 1698 quae
1542 1617 1685 1678 acta
1730 1616 1911 1678 erant
1952 1612 2247 1678 viderant
2290 1611 2474 1677 audi-

442 1721 762 1812 erantque.
832 1725 920 1794 Et
962 1728 1332 1814 plerumque
1365 1729 1620 1811 quidem
1648 1726 1889 1794 vicinos
1912 1728 2087 1793 circa
2114 1727 2477 1794 habitantes

443 1844 673 1908 accitos
719 1863 856 1908 esse
901 1844 1244 1910 verisimile
1289 1849 1415 1927 est,
1474 1843 1621 1928 quia
1664 1842 1883 1908 multis
1928 1843 2083 1911 locis
2128 1841 2479 1908 testimonii

440 1959 872 2043 proximorum
919 1958 1268 2024 vicinorum
1315 1994 1399 2004 —
1452 1957 1606 2042 „der
1660 1964 1961 2041 negesten
2012 1955 2337 2024 naburen“
2386 1959 2475 2008 --·'

442 2072 682 2140 mentio
723 2073 814 2140 fit.
887 2073 1004 2139 Jus
1037 2073 1473 2156 Fribergense,
1518 2093 1714 2158 quum
1760 2074 1837 2140 de
1882 2073 2128 2140 delictis
2154 2074 2241 2138 in
2289 2073 2477 2138 domo

443 2190 650 2256 aliena
695 2190 1072 2276 perpetratis
1119 2190 1276 2272 agit,
1319 2209 1431 2254 eos
1474 2189 1693 2272 quiin
1738 2189 2037 2256 inferiore
2082 2194 2151 2254 et
2189 2189 2257 2254 in
2290 2209 2477 2275 supe-⁸

439 2306 607 2372 tiore
654 2306 838 2371 domo
884 2305 1172 2371 habitant
1212 2339 1290 2352 ——-
1343 2304 1489 2388 „die
1518 2305 1882 2373 nakeburen
1912 2304 2317 2372 obenwendic
2345 2305 2478 2371 und

441 2419 915 2488 nidenwendic“
935 2458 1018 2467 —-
1046 2400 1515 2490 commemorat.
1562 2421 1766 2487 Testis
1797 2423 2008 2487 autem
2040 2430 2253 2507 partes
2272 2422 2476 2496 susti-

441 2558 592 2603 nere
624 2541 872 2623 poterat
903 2536 1165 2621 quilibet
1192 2538 1380 2602 homo
1413 2536 1695 2620 integrae
1728 2536 2071 2622 opinionis:
2106 2556 2297 2623 porro
2324 2544 2477 2621 pro-⁴

440 2653 652 2739 prium
687 2658 824 2719 erat
857 2653 1121 2719 actionis
1152 2651 1545 2735 manifestae,
1594 2652 1763 2736 quod
1807 2652 1999 2718 etiam
2042 2652 2159 2735 illi,
2182 2650 2476 2735 'quorum

441 2769 874 2835 testimonium
923 2766 1164 2853 judicio
1211 2768 1529 2834 ordinario
1575 2767 1903 2853 reprobari
1948 2768 2221 2851 solebat,
2280 2771 2477 2833 testes

442 2905 579 2953 esse
623 2890 934 2970 poterant.
1005 2884 1094 2949 At
1133 2903 1283 2949 vero
1318 2883 1428 2967 qui
1470 2884 1955 2951 existimationis
1992 2882 2477 2949 diminutionem

439 3002 614 3087 passi
659 3006 841 3066 erant
882 2998 1346 3084 rejiciebantur,
1402 3000 1557 3065 item
1604 3000 1681 3083 ei,
1730 3000 1838 3083 qui
1883 2999 1965 3065 ad
2010 2997 2473 3065 testificandum

441 3136 508 3182 se
565 3108 952 3199 obtulerant,
1014 3116 1248 3201 quippe
1301 3116 1415 3199 qui
1469 3134 1579 3181 reo
1633 3115 1907 3181 fortasse
1954 3114 2195 3181 inimici
2241 3120 2471 3181 essent.

440 3233 652 3317 Atque
681 3220 902 3299 eadem
935 3231 1013 3297 de
1044 3250 1234 3296 causa
1255 3232 1401 3315 jure
1432 3229 1785 3297 Gorlicensi
1818 3234 1933 3296 art.
1962 3232 2003 3295 9
2034 3235 2237 3316 pater,
2282 3228 2473 3314 filine,

439 3349 665 3431 frater,
723 3347 1012 3413 minister
1073 3348 1302 3413 actoris
1347 3367 1429 3412 ne
1475 3347 1907 3413 testimonium
1954 3346 2237 3413 dicerent
2278 3346 2477 3413 inter-

441 3464 677 3530 dictum
705 3466 857 3527 erat.
907 3461 1132 3528 Cetera
1153 3482 1322 3546 vero,
1355 3462 1585 3548 quibus
1616 3463 1981 3529 testimonia
2004 3462 2472 3545 coercebantur,

441 3580 508 3645 iu
553 3578 767 3644 delicti
810 3577 1130 3644 manifesti
1177 3578 1423 3644 actione
1470 3598 1599 3644 non
1640 3578 1950 3643 valebant.
2021 3577 2185 3644 Nam
2218 3577 2473 3663 saepius

444 3695 681 3760 dictum
729 3714 866 3759 esse
913 3693 1288 3777 invenimuS,
1336 3694 1527 3789 etiam
1576 3686 1741 3794 eum,
1790 3692 1897 3777 qui
1940 3713 2067 3757 non
2100 3674 2254 3758 civis
2285 3697 2490 3777 esset,-

553 3942 595 4007 1)
633 3937 906 3994 Albrecht
939 3938 977 3994 l.
1003 3954 1051 3993 c.
1091 3944 1152 4005 ἐξ
1175 3940 1421 3995 25-31,

2726 3176 2733 3459 Ι

2722 4398 2733 4663 ι
