2771 4718
1480 344 1523 407 6

481 518 670 585 finiri.
733 519 1080 586 Notissima
1127 520 1471 603 eademque
1505 518 1878 587 brevissima
1905 512 2007 585 est
2034 516 2313 585 definitio
2345 520 2519 603 juris

482 653 658 719 pr0V.
694 632 842 699 Sax.
883 633 963 717 II,
997 636 1114 700 35:

621 748 782 833 „Die
827 747 1152 814 hanthafte
1197 748 1309 813 dat
1351 748 1409 813 is
1453 748 1591 831 dar,
1640 768 1787 813 svar
1817 766 1964 813 man
2012 766 2173 815 enen
2218 766 2367 815 man
2394 749 2525 815 mit

484 864 596 929 der
640 863 751 928 dat
792 862 1061 948 begript,
1111 862 1262 935 oder
1306 863 1375 928 in
1422 862 1534 928 der
1578 862 1795 932 vlucht
1838 862 1949 929 der
1993 863 2121 946 dat,
2170 862 2319 931 oder
2350 863 2523 931 dfive

483 979 634 1045 oder
664 978 769 1043 rof
807 978 873 1042 in
920 978 1099 1043 sinen
1141 996 1431 1061 geweren
1468 976 1677 1060 hevet,
1722 977 1837 1043 dar
1866 977 1947 1045 he
1978 977 2147 1045 selve
2176 978 2299 1045 den
2330 979 2525 1045 slotel

481 1098 548 1159 to
593 1093 830 1175 dreget.
843 1090 876 1123 “

617 1208 790 1286 Quae
835 1206 1114 1273 definitio
1162 1227 1195 1272 e
1233 1207 1376 1290 jure
1414 1205 1724 1273 Saxonico
1768 1210 2025 1291 recepta
2066 1206 2137 1272 in
2180 1208 2523 1293 permultis

483 1324 736 1389 statutis
783 1323 991 1389 verbis
1047 1322 1192 1408 plus
1247 1323 1539 1389 minusve
1592 1322 1855 1389 mutatis
1904 1321 2153 1404 legitur.
2247 1322 2523 1409 Saepius

486 1444 717 1522 autem,
764 1444 836 1504 ut
877 1440 949 1503 in
983 1438 1129 1521 jure
1161 1435 1531 1504 Weichbild.
1582 1442 1699 1503 art.
1734 1439 1880 1519 112,
1914 1438 1976 1518 3,
2022 1437 2091 1503 in
2127 1438 2275 1521 jure
2308 1436 2523 1505 Gorli-

483 1554 658 1620 censi
704 1559 820 1619 art.
853 1556 954 1635 18,
999 1554 1068 1619 in
1112 1552 1276 1618 libro
1312 1553 1479 1636 juris
1521 1552 1753 1618 munic.
1789 1550 2047 1634 GlogaV.
2094 1551 2198 1633 (W
2200 1554 2523 1621 assersch-

481 1668 685 1752 leben,
738 1668 1034 1735 deutsche
1071 1666 1578 1752 Rechtsquellen)
1627 1674 1743 1737 art.
1777 1668 1898 1733 197
1934 1667 2249 1736 adduntur
2288 1669 2517 1736 verba:

623 1782 1094 1868 „Hanthafftige
1137 1788 1235 1849 tat
1275 1783 1363 1849 ist
1407 1783 1568 1849 cuch
1613 1782 1713 1865 do,
1760 1782 1842 1847 do
1886 1799 2037 1873 man
2074 1782 2255 1851 deme
2284 1802 2521 1851 manne

487 1905 678 1966 swert
721 1900 947 1965 messit
979 1899 1130 1966 ader
1161 1897 1356 1965 ander
1384 1895 1779 1963 mordwaffin
1826 1897 1893 1961 in
1924 1897 2035 1965 der
2065 1898 2237 1968 hand
2267 1898 2522 1985 begrifft

485 2016 565 2081 do
612 2015 794 2080 mitte
837 2014 950 2081 her
997 2014 1119 2080 den
1163 2012 1427 2080 schadin
1472 2013 1587 2078 hat
1628 2008 1926 2094 gethan.“
2160 2034 2166 2041 ·

615 2129 735 2196 Est
777 2131 972 2214 igitur
1006 2128 1374 2213 „hanthafte
1412 2134 1529 2212 tat,
1574 2126 1898 2208 hamalant,
1943 2127 2332 2197 hanterlaste
2358 2127 2513 2197 ·dat“

483 2246 726 2313 facinus
769 2246 837 2310 in
885 2265 1005 2329 quo
1038 2245 1177 2330 ipso
1192 2242 1231 2325 ¹)
1257 2244 1501 2327 ‚aliquis
1534 2240 2021 2328 deprehenditur
2053 2248 2164 2309 aut
2194 2262 2319 2329 que
2348 2262 2516 2311 com-

485 2363 678 2430 misso
721 2363 814 2428 ita
843 2359 1354 2447 deprehenditur,
1403 2364 1471 2424 ut
1503 2357 1656 2444 quin
1687 2358 2073 2427 commiserit
2100 2357 2378 2429 dubitari
2404 2379 2516 2430 ne-

487 2483 694 2563 queat.
756 2477 977 2563 Neque
1006 2495 1156 2543 vero
1202 2474 1513 2541 dubitatio
1556 2473 1689 2540 ulla
1734 2473 2006 2541 existere
2046 2481 2275 2560 petest,
2324 2477 2381 2542 si
2408 2482 2520 2544 aut

487 2592 701 2660 delicti
754 2597 826 2660 ut
868 2594 960 2658 ita
1006 2592 1212 2658 dicam
1255 2594 1451 2656 testes
1494 2588 1741 2674 gladius
1788 2594 2151 2658 cruentatus
2164 2637 2183 2675 ,
2238 2608 2342 2660 res
2386 2593 2519 2660 fur-

489 2709 658 2774 tivae
702 2707 804 2773 vel
849 2711 1208 2792 surreptae,
1261 2705 1429 2770 falsa
1468 2709 1752 2787 moneta,
1811 2705 1937 2772 alia
1980 2706 2152 2792 apud
2192 2724 2372 2776 reum
2418 2727 2520 2776 re-

488 2824 840 2909 periuntur,
888 2828 998 2888 aut
1039 2822 1179 2908 ipse
1219 2821 1288 2886 in
1317 2821 1471 2903 fuga
1499 2819 2005 2905 deprehenditur.
2060 2819 2277 2905 Fugae
2307 2828 2521 2890 autem

486 2938 627 3003 voci
668 2939 741 3002 in
783 2937 1063 3004 fontibus
1100 2937 1268 3020 juris
1300 2935 1600 3001 Saxonici
1646 2934 1959 3020 duplicem
2002 2936 2324 3004 notionem
2372 2939 2520 3005 sub-

477 3054 714 3137 Jectam
761 3072 900 3118 esse
943 3051 1423 3118 memorandum
1469 3055 1583 3116 est.
1645 3049 1890 3132 Fugere
1934 3050 2104 3116 enim
2148 3071 2279 3118 non
2312 3054 2522 3120 solum

486 3168 593 3234 ille
638 3168 1043 3252 intelligitur,
1092 3167 1201 3252 qui
1245 3165 1475 3232 delicto
1524 3165 1830 3249 admisse,
1880 3165 2029 3249 quia
2070 3165 2521 3236 insectantium

489 3303 758 3370 poenam
803 3285 1007 3367 timet,
1052 3303 1135 3350 ex
1177 3282 1330 3366 fuga
1375 3279 1499 3348 sibi
1544 3280 1813 3348 salutem
1846 3280 2027 3366 petit,
2075 3282 2188 3348 sed
2218 3284 2407 3350 etiam
2438 3284 2517 3370 is,

598 3487 640 3552 ¹)
678 3483 765 3553 „in
799 3485 1034 3540 veritate
1068 3480 1234 3538 facti“
1276 3481 1440 3550 (priv.
1466 3482 1614 3551 Eget
1636 3485 1665 3546 ς
1690 3482 1742 3537 6.
1794 3481 2009 3551 Gaupp,
2047 3481 2249 3540 Stadtr.
2289 3500 2345 3554 p.
2375 3486 2517 3554 119),

495 3581 584 3651 „in
621 3580 831 3636 recenti
868 3579 1047 3635 facto“
1090 3580 1244 3650 (jura
1266 3579 1525 3634 Tremon.
1563 3577 1790 3648 Dreyer,
1827 3577 1987 3633 Nbst.
2025 3580 2245 3649 p.418),
2284 3581 2370 3652 „in
2408 3581 2519 3636 evi-

493 3677 649 3732 denti
688 3677 885 3734 causa“
928 3675 1091 3747 (priv.
1115 3675 1483 3732 Holzminden
1518 3678 1548 3739 5
1573 3674 1624 3728 8.
1672 3673 1932 3744 Gengler,
1970 3674 2217 3746 δεκάτῃ),
2254 3678 2386 3749 „mit
2420 3679 2520 3735 der

491 3763 792 3828 πτοῆται*
841 3777 992 3842 (stat.
1021 3775 1183 3844 Prag.
1219 3778 1322 3828 art.
1345 3771 1435 3826 34.
1484 3771 1709 3826 Russler
1741 3787 1797 3840 p.
1824 3771 1935 3842 26),
1980 3774 2069 3844 „in
2116 3775 2219 3830 der
2262 3773 2518 3832 farschen

493 3868 678 3926 daett“
718 3872 739 3937 (
741 3871 840 3941 jus
875 3888 1023 3926 mun.
1050 3871 1451 3940 Apenradense
1484 3872 1590 3924 art.
1615 3869 1703 3923 63.
1740 3868 1955 3941 Dreyer
1986 3870 2029 3926 l.
2052 3886 2099 3928 ο.
2138 3887 2195 3942 p.
2220 3873 2403 3941 1400).
