2771 4718
1449 299 1495 364 ,8

458 497 644 563 pore,
707 497 832 561 qua
876 474 1459 562 deprehendebatur
1474 523 1492 557 ,
1527 473 1599 540 ‘ei
1644 474 1825 558 quasi
1871 473 2303 556 adhaerebat‚‘
2336 473 2497 558 suga

460 592 672 678 elapso
690 588 729 672 ¹)
767 593 907 676 jam·
945 611 1075 658 non
1105 589 1463 656 adhaereat.
1532 588 1625 656 At
1654 609 1803 656 vero
1836 589 1935 654 his
1966 601 2134 674 quae·
2156 589 2310 673 dixi,
2357 595 2496 656 sta-

458 712 598 775 tuta
653 706 1186 789 Hamburgensia‚
1260 703 1659 788 Bremensi'a,
1716 703 2085 788 Stadensia,
2142 704 2497 772 Verdensia.

457 823 726 888 minime
775 822 1128 888 consentire
1196 819 1523 902 videntur,
1591 819 1673 884 ad
1744 821 2205 887 accusationem
2276 820 2499 888 delicti

459 936 777 1003 manifesti
821 935 1170 1002 faciendam
1218 933 1379 1000 illud
1423 934 1609 1001 modo
1653 936 2077 1002 necessarium
2108 955 2245 1002 esse
2274 935 2495 1002 dicen-

457 1053 578 1135 tia,
639 1051 808 1134 quod
859 1049 1179 1118 maleficus
1233 1050 1302 1114 in
1360 1049 1643 1116 facinore
1697 1051 2121 1136 perpetrando
2164 1051 2337 1118 ‘visus
2384 1053 2491 1118 sit.

461 1166 619 1234 Stat.
653 1165 880 1233 Hamb.
926 1186 982 1232 a.
1024 1166 1211 1230 1270.
1251 1163 1356 1248 VI,
1390 1165 1432 1230 5
1480 1163 1925 1251 (Lappenberg
1970 1187 2031 1252 p.
2070 1166 2211 1248 27):
2264 1167 2495 1251 „mach

459 1283 538 1348 he
586 1282 696 1348 des
743 1281 1272 1362 vunenkommen,
1319 1279 1431 1346 dat
1472 1279 1553 1346 he
1597 1280 1714 1347 dar
1756 1280 2069 1368 begrepen
2114 1281 2170 1347 si
2216 1282 2337 1350 mit
2378 1283 2493 1350 der

460 1398 610 1463 daat
665 1395 856 1462 edder
913 1395 1141 1460 beseen
1197 1394 1317 1460 mit
1377 1414 1795 1481 eggewapene
1852 1396 2043 1462 edder
2099 1396 2325 1464 beseen
2371 1398 2493 1465 mit

457 1512 820 1594 vluchtigen
862 1515 1050 1576 voten
1067 1507 1100 1540 ‘⁶
1136 1545 1220 1556 ——
1271 1508 1398 1575 Sed
1442 1511 1513 1575 in
1556 1510 1655 1576 his
1702 1512 1954 1578 statutis
1991 1512 2128 1595 Jam
2176 1531 2215 1577 a
2258 1513 2491 1579 veteris

446 1627 615 1711 -juris
660 1626 906 1692 ratione
951 1623 1258 1710 paulatim
1305 1624 1653 1692 discessum
1698 1632 1885 1710 atque
1914 1626 2331 1713 principalem
2374 1647 2492 1696 no-

459 1742 696 1808 tionem
741 1739 1029 1806 vocabuli
1073 1738 1443 1824 „hanthafte
1473 1737 1611 1807 tat“
1658 1741 2063 1809 immutatam
2092 1756 2249 1826 esse',
2296 1743 2391 1808 ita
2418 1749 2495 1809 ut

457 1858 578 1924 hoc
622 1857 814 1923 verbo
860 1854 1159 1922 delictum
1207 1853 1612 1939 significetur,
1668 1857 1835 1940 quod
1868 1877 2063 1940 quum
2092 1861 2287 1926 testes·
2302 1858 2493 1924 ‘ride‘-

457 1952 591 2038 rint
635 1970 1055 2050 audierintve‚
1113 1974 1246 2034 tam
1306 1969 1562 2036 evidens
1622 1971 1707 2038 sit
1762 1977 2019 2056 tamque
2062 1973 2491 2057 manifestum,

459 2092 532 2154 ut
574 2107 720 2152 reus
777 2084 1039 2150 infitiari
1093 2084 1268 2151 nullo
1325 2085 1513 2152 modo
1560 2087 1796 2172 possit,
1850 2092 2075 2172 postea
2116 2089 2489 2158 videbimus.

460 2202 577 2269 His
621 2202 817 2284 igitur
860 2201 928 2266 in
975 2201 1253 2282 statutis
1275 2201 1691 2268 recentiorem
1733 2201 1910 2268 illam
1958 2204 2333 2272 sententiam
2381 2225 2493 2272 vae-

460 2318 591 2387 lere
637 2317 953 2399 videmuS‚
1005 2334 1193 2400 quam
1240 2314 1629 2401 Garpzovius
1672 2316 1715 2383 1.
1750 2336 1803 2385 c.
1837 2316 1947 2403 ΠΙ,
1976 2339 2081 2404 qu.
2114 2322 2241 2387 126
2267 2340 2331 2386 n.
2365 2321 2491 2389 103

461 2434 670 2502 affert:
859 2480 864 2485 -

601 2549 855 2634 „Hodie
911 2547 979 2611 in
1040 2546 1303 2611 crimine
1347 2547 1645 2631 flagranti
1690 2569 1802 2615 seu
1846 2550 2017 2617 facto
2060 2551 2341 2619 manuali
2382 2552 2491 2619 de·-

464 2666 811 2752 prehensus
847 2667 1124 2737 dicitur
1105 2690 1184 2753 ιε,
1218 2669 1296 2735 de
1327 2685 1451 2752 quo
1482 2670 1651 2733 certe
1683 2671 1949 2749 constat,
1997 2665 2165 2752 quod
2192 2666 2489 2735 delictum

460 2786 874 2869 perpetravit,
923 2786 1174 2852 etiamsi
1219 2787 1441 2870 captus
1488 2802 1614 2847 non
1658 2780 1870 2865 fuerit,
1918 2782 2031 2849 sed
2072 2782 2141 2847 in
2170 2782 2321 2866 fuga
2349 2802 2492 2869 per-

461 2899 910 2967 severaverit.“
962 2935 1045 2947 -—

597 3014 814 3101 Neque
861 3015 1065 3081 solum
1109 3013 1404 3080 facinus
1385 3032 1620 3098 ipsum,
1664 3012 1733 3078 in
1770 3031 1893 3096 quo
1921 3012 2347 3099 perpetrando
2378 3012 2492 3079 ali-

731 3168 890 3175 m

575 3253 615 3316 ¹)
655 3250 738 3307 De
775 3251 875 3309 tali
900 3266 1032 3307 casu
1057 3249 1194 3306 ordo
1221 3248 1555 3320 judiciarius
1591 3264 1711 3318 cap.
1736 3250 1807 3305 32
1833 3254 1863 3314 ὅ
1892 3250 1960 3306 10
1992 3249 2257 3319 loquitur.
2313 3248 2492 3315 Quum

463 3347 611 3403 enim
649 3363 775 3402 reus
811 3349 870 3403 in
896 3347 1114 3419 judicio
1150 3346 1461 3414 nonadsit,
1500 3346 1571 3402 de
1595 3345 1851 3419 flagranti
1886 3346 2108 3417 quidem
2144 3346 2377 3401 crimine
2410 3363 2493 3401 ar·

464 3445 560 3515 gui
599 3446 816 3516 nequit3
854 3445 954 3501 sed
989 3444 1180 3513 actori,
1218 3432 1511 3513 postquam
1550 3459 1649 3512 per
1684 3448 1856 3499 testes
1892 3442 2201 3499 maleficum
2239 3442 2298 3498 in
2325 3442 2493 3497 mani·

465 3542 610 3599 festo
647 3542 889 3599 facinore
926 3541 1328 3610 deprehensum
1368 3557 1491 3596 esse
1528 3539 1798 3609 probavit,
1837 3539 2058 3596 efficere
2093 3540 2241 3608 licet,
2280 3545 2343 3594 ut
2366 3556 2495 3596 reus

463 3640 648 3695 banno
701 3638 1095 3709 obstringatur.
1157 3639 1317 3705 Quod
1366 3642 1598 3693 vocatur
1644 3636 1754 3707 „de
1798 3636 2088 3693 hanthafte
2134 3636 2230 3692 dat
2265 3637 2489 3707 tugen.“

465 3736 557 3791 Ad
604 3736 836 3791 eandem
886 3752 1000 3791 rem
1049 3734 1470 3805 significandam
1520 3739 1733 3805 quaest.
1770 3735 2077 3805 Magd.111,
2108 3736 2154 3803 1,
2179 3735 2215 3789 3
2264 3739 2495 3789 utuntur

465 3832 650 3889 verbis
689 3850 792 3904 „an
827 3833 1075 3889 vrischer
1110 3837 1194 3889 tat
1229 3832 1475 3903 clagenst‘
