2771 4718
1406 343 1491 408 22

435 489 643 588 dicem
703 522 1116 588 adduceretur
1167 537 1419 586 careere
1462 517 1777 586 inclusum
1820 520 2029 606 eulpa.
2050 518 2476 602 liberandum,

437 636 592 720 quin
639 636 828 702 etiam
877 640 1156 701 actorem
1201 635 1310 718 qui
1339 634 1585 717 injussu
1606 635 1841 719 judicis
1869 634 2195 702 incluserit
2220 633 2337 702 Lx
2366 654 2477 702 so·-

435 751 709 818 lidorum
754 769 961 836 poena
1005 748 1401 816 multandum
1444 767 1605 816 esse.
1654 785 1737 796 ——
2146 793 2153 802 ·

565 865 698 931 Nec
765 871 981 931 tamen
1033 863 1391 932 maleficum
1450 864 1529 930 ad
1580 865 1863 948 judicem
1924 865 2179 932 adduci-
2190 880 2474 950 prorsus

429 980 861 1046 necessarium
907 984 1077 1062 erat3
1124 979 1444 1045 interdum
1492 998 1739 1064 quoque
1765 980 1963 1064 judex
1992 987 2474 1064 assessoresque

433 1095 710 1161 clamore
767 1095 934 1160 edite
991 1094 1143 1160 illue
1197 1094 1308 1160 ubi
1364 1094 1663 1160 delictum
1718 1096 2340 1179 commissum-terat,
2397 1099 2475 1162 ut

435 1209 656 1276 eodem
698 1207 836 1275 lo'eo
874 1209 1264 1294 judicarent,
1313 1209 1802 1293 advocabuntur,
1846 1209 1947 1277 vel
1989 1210 2199 1279 nuntii
2233 1209 2469 1294 judicis

435 1325 872 1408 adveniebant,
919 1324 1026 1408 qui
1057 1342 1196 1390 rem
1223 1330 1623 1410 praesentem
1648 1329 2099 1407 eognoseerent
2124 1331 2473 1411 posteaque

437 1439 589 1524 quid
633 1440 942 1506 vidissent
986 1439 1226 1522 judicio
1277 1438 1665 1505 nuntiarent.
1757 1438 1937 1516 Quod
1976 1440 2048 1506 in
2094 1439 2469 1524 quibusdum

441 1555 686 1621 delictis
731 1555 986 1640 saepius
1029 1554 1098 1619 in
1143 1570 1264 1620 usu
1309 1554 1507 1620 fuisse
1550 1554 1845 1637 traditur,
1890 1558 1962 1620 ut
2004 1555 2061 1622 si
2106 1555 2249 1638 quis
2290 1555 2357 1622 vi
2400 1556 2471 1620 in

435 1671 694 1738 domum
735 1670 1100 1756 irrupisset:

566 1785 759 1852 Distt.
784 1785 860 1869 Π,
900 1803 954 1851 c.
983 1786 1046 1868 3,
1077 1784 1224 1850 dist.
1253 1785 1326 1850 2:
1381 1783 1591 1867 „unde
1634 1802 1783 1866 mag
1824 1781 1939 1850 her
1982 1782 2169 1850 nieht
2202 1803 2319 1850 vor
2360 1803 2473 1866 go-

303 1933 308 1938 ·
433 1901 634 1966 richte
678 1901 930 1983 komen‚
978 1920 1047 1965 so
1093 1899 1238 1966 lade
1281 1899 1397 1966 her
1442 1899 1560 1966 daz
1608 1897 1887 1981 gerichte
1932 1897 2185 1966 dorezu.
2258 1899 2342 1966 So
2372 1899 2476 1968 sal

431 2034 582 2080 man
630 2035 742 2080 vor
789 2014 900 2081 der
944 2018 1046 2079 tor
1092 2033 1223 2098 eyn,
1258 2013 1539 2096 gerichte
1586 2010 1899 2080 sicczen.“

437 2135 546 2194 aut
575 2129 630 2194 si
661 2130 802 2214 quis
834 2129 1214 2196 adulterium
1243 2128 1666 2196 commisisset
1690 2127 1853 2212 (eod.
1873 2127 1981 2212 IV,
2009 2147 2061 2196 e.
2087 2131 2188 2214 11,
2214 2129 2359 2198 dist.
2376 2130 2473 2215 2),

437 2245 545 2311 ubi
591 2246 689 2310 vir
733 2246 842 2329 qui
886 2264 1150 2310 uxorem
1195 2263 1340 2310 eum
1384 2243 1673 2310 adultero
1718 2243 2134 2329 deprehendit
2164 2243 2473 2312 ambobus
2540 2297 2543 2299 Α

436 2361 679 2429 necatis
724 2358 1094 2446 corporibus
1141 2358 1462 2425 assidebat
1496 2357 1929 2443 J‘udiciumque
1954 2359 2247 2427 ‚clamere
2274 2361 2471 2429 edve-

438 2476 642 2559 cabat„
691 2481 764 2541 ut
809 2476 1104 2542 delictum
1139 2510 1222 2521 -·
1260 2474 1407 2559 „die
1444 2474 1737 2543 schinbar
1774 2474 2188 2562 hanthaffitige
2215 2474 2351 2545 tw
2378 2510 2465 2527 ·-·

439 2596 584 2656 ante
639 2590 970 2656 hominum
1025 2591 1236 2657 oculos
1291 2593 1651 2676 poneretur.
1734 2588 1865 2669 ,Qui
1907 2596 2121 2659 autem
2165 2592 2468 2659 iudicium

435 2724 782 2777 convocare
850 2706 1094 2788 omisit,
1163 2704 1491 2790 parricidii
1560 2704 1824 2772 erimine
1878 2710 2209 2775 accusatus
2262 2727 2471 2793 poena

435 2821 666 2906 capitis
721 2821 1065 2887 secundm
1110 2821 1218 2904 jus
1277 2824 1458 2885 vetus
1513 2817 1833 2902 Prageuse
1888 2823 2175 2889 &1112692
2208 2828 2346 2891 'aru
2379 2825 2467 2893 53

437 2936 717 3016 (Rossler
761 2956 824 3021 p.
858 2936 1032 3016 xvn)
1077 2932 1487 3001 afficiebatur.
2076 2998 2083 3003 ,

575 3050 957 3138 Saepissime
1015 3052 1228 3115 autem
1282 3049 1352 3114 in
1410 3068 1602 3133 eausa
1654 3049 1811 3115 furti
1844 3050 2155 3134 judicium
2200 3052 2469 3119 accitum

440 3187 577 3233 esse
635 3167 1088 3252 comperimus,
1148 3170 1211 3231 et
1267 3164 1323 3229 si
1372 3164 1475 3231 fur
1519 3165 1587 3229 in
1634 3165 1818 3232 domo
1865 3143 2055 3251 quum
2099 3156 2164 3233 vi
2207 3168 2473 3236 intravit

441 3281 866 3367 deprehensus
882 3278 947 3364 ¹),
995 3286 1059 3346 et
1103 3280 1159 3346 si
1203 3300 1304 3347 res
1349 3280 1587 3348 furtiva
1629 3278 1731 3345 vel
1760 3280 1827 3347 vi
1858 3286 2049 3366 rapta.
2074 3281 2245 3367 apud
2272 3281 2471 3350 alium

439 3401 745 3482 concepta
789 3401 944 3461 erat.
1013 3394 1072 3460 Is
1121 3395 1290 3460 enim
1336 3395 1445 3478 qui
1490 3395 1757 3461 alienam
1802 3397 2051 3462 remia
2095 3414 2278 3463 suum
2320 3416 2469 3463 cou-

441 3509 631 3578 vertit
676 3528 938 3595 eamque
982 3506 1406 3575 vindicantem
1452 3510 1635 3593 celat,
1684 3490 1880 3594 aeque
1922 3526 2039 3597 pro
2063 3512 2209 3578 fure
2236 3512 2467 3579 ducen-

441 3625 558 3692 dus
606 3631 721 3709 est,
770 3645 842 3690 ac
888 3625 942 3689 si
986 3624 1055 3689 in
1097 3625 1265 3690 furto
1311 3624 1451 3710 ipso
1500 3625 1924 3710 deprehensus
1970 3622 2133 3707 sit').

551 3793 591 3856 ¹)
630 3789 700 3844 de
723 3804 835 3859 qua
858 3806 917 3845 re
942 3788 1016 3845 ef.
1032 3790 1274 3860 glossam
1298 3789 1370 3844 ad
1383 3790 1484 3860 jus
1500 3788 1754 3847 Weiehb.
1774 3758 1960 3849 aaut)
1980 3791 2465 3861 (Dnnielap-AEfl).

548 3887 592 3952 ²)
629 3886 808 3952 Quare
843 3887 1010 3941 etiam
1047 3902 1150 3942 nos
1185 3886 1447 3941 dicimus:
1484 3886 1629 3956 „Der
1648 3886 1857 3944 Hehler
1882 3888 1959 3943 ist
1980 3886 2137 3945 nicht
2156 3888 2349 3947 hoster
2380 3889 2468 3946 ale

2726 1979 2737 2224 ἱ
