2771 4718
1213 322 1298 386 ⁵9

235 497 424 582 derit,-
471 497 782 564 cadavera.
823 497 940 564 sub
983 494 1270 584 patibulo
1309 495 1607 566 decedere
1638 497 1863 566 debere
1894 497 2143 564 dieitur.
2192 496 2265 564 In

235 613 494 680 statutis
527 632 772 698 quoque
801 611 1433 698 Flensburgensibus,
1472 611 2051 700 Apenradensibus‚
2096 610 2265 680 Sles·

233 729 594 794 vicensibus
638 728 844 794 furem
886 729 1293 796 manifestum
1323 729 1403 798 ab
1435 750 1508 796 eo
1539 729 1649 814 qui
1678 747 1823 799 eum
1854 727 2267 813 deprehendit

232 843 405 910 illico
451 844 962 930 suspendendum
1009 863 1148 912 esse
1191 844 1449 931 saepius
1488 845 1864 911 invenimus.
1898 877 1981 890 -—
2020 840 2088 908 Si
2118 861 2263 908 reus

233 959 390 1026 dum
421 958 1006 1046 deprehendebatur
1035 959 1276 1026 oceisus
1309 965 1467 1042 erat,
1498 958 1695 1025 nihilo·
1726 959 1935 1024 minus
1966 957 2263 1024 damnato

233 1070 432 1160 caput
475 1074 930 1141 abscidebstur.
1011 1074 1272 1161 Corpus·
1303 1064 1493 1143 occisi
1538 1075 1681 1148 sine
1720 1063 2119 1140 caerimoniis
2166 1093 2264 1140 se-

234 1189 592 1275 peliebatur
607 1185 668 1270 ι).
743 1189 868 1256 Sed
911 1190 1068 1257 haee
1111 1191 1190 1257 de
1235 1189 1535 1258 damnato
1578 1209 1707 1256 reo.
1778 1188 1849 1256 Si
1886 1209 2035 1256 vero
2082 1206 2263 1256 accu-

235 1304 483 1370 satione
524 1304 830 1371 liberatus
875 1310 1031 1389 erat,
1079 1306 1211 1373 sive
1257 1304 1688 1372 deficientibus
1734 1304 1946 1371 delicti
1980 1304 2263 1387 vestigiis

235 1420 376 1485 sive
401 1419 679 1486 facinore
707 1425 1076 1506 pernoctate
1107 1421 1243 1488 sive
1269 1421 1537 1488 testibus
1568 1419 1933 1488 absentibus
1962 1423 2027 1484 et
2053 1425 2265 1486 actore

235 1555 366 1600 non
411 1534 742 1621 probante,
785 1556 931 1602 reus
974 1536 1116 1622 ipse
1161 1541 1437 1604 actorem
1482 1537 1559 1604 de
1602 1553 1761 1620 pace
1803 1533 2039 1602 violata
2080 1553 2263 1602 accu-

237 1670 382 1716 sare
441 1654 707 1736 poterat.
799 1650 963 1718 Nam
1019 1652 1259 1718 nemini
1304 1651 1685 1738 permissum
1730 1653 1897 1734 erat,
1954 1654 2028 1716 ut
2069 1649 2264 1716 alium

237 1765 738 1851 deprehenderet
783 1766 1188 1852 vinctumque
1234 1767 1314 1834 ad
1356 1767 1639 1852 judicem
1681 1765 2081 1851 perduceret,
2138 1764 2265 1830 nisi

237 1880 540 1947 delictum
583 1881 992 1948 manifestum
1035 1900 1172 1950 esse
1215 1882 1550 1968 probabat.
1616 1881 1797 1960 Quod
1834 1879 2263 1966 compluribus

235 1997 394 2062 locis
442 1995 812 2080 affirmatur,
857 2002 931 2064 ut
973 2002 1118 2064 stat.
1155 1995 1399 2064 Goslar.
1449 2007 1509 2082 p'.
1544 1999 1653 2079 48,
1692 1999 1804 2064 13:

373 2161 414 2196 „
429 2111 558 2178 Det
581 2159 588 2166 ·
609 2132 688 2177 en
745 2129 860 2178 ene
905 2112 1292 2179 vredebraks
1339 2112 1418 2180 de
1466 2112 1643 2178 nicht
1682 2112 1752 2178 in
1792 2111 2265 2196 nanthaffigher

238 2227 354 2292 dat
406 2226 798 2312 upgeholden
846 2233 1006 2294 wert
1059 2227 1227 2294 unde
1272 2247 1397 2293 von
1452 2227 1655 2293 denne
1707 2227 1924 2311 kumt,
1979 2228 2139 2295 dene
2181 2249 2263 2296 ne

235 2341 422 2409 mach
468 2362 614 2409 men
657 2351 870 2411 umme
914 2343 1002 2411 de·
1040 2343 1150 2411 det
1193 2342 1374 2411 seder
1416 2342 1595 2409 nieht
1636 2340 2016 2429 upholden.“

1163 2527 1201 2612 ξ
1240 2530 1340 2593 12.

595 2664 695 2727 De
738 2663 920 2731 totius
965 2664 1222 2729 actioni-5
1265 2665 1506 2731 ratione
1550 2664 1915 2753 disputatur.

375 2800 502 2869 Sed
543 2802 624 2868 de
665 2802 912 2869 actione
941 2801 1166 2870 delicti
1196 2802 1515 2871 manifesti
1544 2802 1867 2871 haetenus.
1920 2802 2265 2888 Postquam

239 2922 452 2985 autem
488 2916 781 3000 vidimus,
827 2921 1136 3001 quantum
1181 2938 1220 2985 a
1264 2918 1489 2989 ceteris
1534 2918 1887 2987 actionibus
1928 2918 2262 3005 discrepet,

237 3032 556 3116 reliquum
599 3038 714 3115 est,
759 3038 833 3099 ut
873 3033 1186 3101 rationem
1227 3033 1365 3117 ejus
1392 3032 1803 3117 exquiramus
1827 3034 2265 3119 imprimisque

241 3166 368 3231 qua
421 3166 491 3215 re
547 3145 838 3213 effectum
891 3147 977 3213 sit
1028 3166 1511 3231 cognoscamus,
1567 3154 1639 3215 ut
1688 3148 1901 3218 delicti
1945 3147 2266 3217 manifesti

351 3365 396 3429 1)
429 3363 576 3423 oreo
590 3364 714 3435 jue.
741 3364 826 3433 35,
849 3365 910 3425 s:
940 3364 1117 3437 „wan
1141 3363 1211 3435 hs
1235 3365 1305 3443 ee
1331 3364 1504 3435 (pino)
1528 3365 1769 3437 geleden
1787 3364 1985 3447 hesse,
2012 3381 2072 3423 so
2095 3348 2264 3424 bidae

240 3474 361 3514 eme
400 3474 532 3514 enes
567 3461 790 3515 vreden.
849 3462 970 3515 Den
1007 3462 1210 3517 sealme
1247 3476 1367 3516 eme
1405 3462 1655 3531 werken,
1707 3459 1787 3533 up'
1827 3462 1929 3517 dat
1971 3478 2057 3515 me
2103 3461 2264 3518 deme

239 3556 422 3612 doden
472 3556 706 3612 lichame
755 3572 862 3612 nen
907 3557 1074 3613 laster
1123 3574 1237 3613 mer
1282 3573 1350 3613 en
1388 3544 1567 3614 bide.“
1626 3556 1697 3613 ef.
1736 3576 1784 3614 c.
1809 3560 1874 3613 31
1918 3559 1978 3613 G.
2006 3558 2073 3612 14
2109 3574 2203 3628 qu.
2230 3560 2261 3615 1

242 3657 332 3717 (ex
368 3651 605 3709 concilio
641 3654 985 3709 Triburiensi
1021 3640 1176 3722 8955:
1227 3656 1445 3727 „Fures
1481 3660 1539 3712 et
1573 3657 1815 3712 latrones
1850 3657 1899 3710 si
1935 3656 1991 3709 in
2030 3654 2264 3713 furando

240 3754 298 3805 et
350 3750 665 3818 praedando
710 3751 1064 3823 occiduntur,
1120 3753 1300 3809 visum
1349 3757 1461 3825 est,
1510 3769 1610 3822 pro
1656 3754 1737 3809 eis
1782 3768 1893 3808 non
1940 3753 2260 3810 orandum.“

240 3846 423 3917 Cropp
459 3847 497 3902 l.
523 3862 573 3901 c.
611 3862 665 3917 p.
691 3848 814 3903 383.
