2771 4718
1259 324 1346 389 39

420 496 560 564 Lib.
585 499 714 583 jur.
749 494 932 583 Glog.-
961 501 1127 566 407:
1189 496 1463 584 „Worde
1506 498 1659 568 aber
1702 502 1815 573 der
1860 522 1975 571 sou
2018 504 2089 571 in
2132 506 2318 572 hant-

285 610 582 696 hafftiger
621 613 733 679 tad
776 614 1082 697 begriffen
1125 632 1196 681 eo
1241 620 1451 681 musto
1492 616 1607 683 her
1652 618 1857 685 selber
1903 620 2314 687 entworten.“

423 728 551 795 Sed
605 729 796 795 etiam
851 728 1250 813 fidejussores
1303 730 1455 797 dare
1498 730 1797 799 facinoris
1842 734 2165 801 manifesti
2208 754 2317 805 reo

284 860 414 909 non
442 842 693 927 licebat,
725 844 952 928 quibus
979 844 1511 912 intereedentibus
1541 846 1949 931 liberaret-un
1998 844 2147 915 nam
2178 856 2318 917 tan-

285 963 418 1027 tam
479 960 904 1046 suspicionem
957 960 1282 1044 movebat,
1337 966 1415 1025 ut
1456 962 1933 1031 satisdationem
1948 1014 1967 1047 ‚
2030 982 2191 1049 quae
2236 968 2317 1033 ab

283 1074 368 1139 iis
419 1076 628 1141 solum
683 1074 762 1141 de
817 1093 1084 1159 quorum
1141 1076 1503 1141 innocentia
1547 1076 1809 1160 eogitari
1853 1084 2105 1164 poterat
2150 1082 2319 1165 exig-i

285 1188 548 1275 solebat,
595 1190 676 1257 ab
721 1210 796 1257 eo
840 1191 1160 1275 interponi
1202 1210 1330 1257 non
1376 1192 1865 1276 permitteretur.

419 1304 514 1371 Cf.
547 1306 712 1392 priv.
737 1305 1108 1389 Altenburg.
1143 1326 1200 1371 a.
1233 1308 1405 1371 1256
1436 1305 1541 1389 §5
1572 1304 1872 1391 (Gengler
1899 1328 1963 1394 p.
1990 1310 2089 1387 6)=
2127 1310 2317 1393 „Qui—

285 1438 532 1505 eunque
585 1418 997 1487 homicidium
1039 1421 1531 1507 perpetraverit,
1592 1428 1657 1488 et
1698 1423 1766 1487 in
1808 1422 1949 1509 ipso
1996 1424 2162 1490 facto
2208 1426 2316 1491 de-

285 1534 634 1621 prehensus
675 1556 804 1601 non
847 1535 1042 1603 fuerit
1088 1584 1104 1601 .
1141 1586 1156 1600 .
1191 1584 1207 1601 .
1255 1555 1372 1623 pro
1420 1556 1488 1605 se
1534 1537 1867 1621 spondebit
1884 1536 1917 1569 “

287 1655 354 1717 et
380 1650 654 1734 glossam
686 1650 894 1735 adjus
917 1649 1195 1717 Weiehb.
1229 1656 1347 1717 art.
1381 1654 1537 1716 114:
1580 1651 1787 1735 „unde
1818 1652 1931 1718 das
1963 1653 2317 1737 burgozoge

285 1765 530 1849 geschit
571 1766 919 1849 dar-ummo,
967 1766 1080 1832 das
1125 1784 1276 1831 man
1319 1766 1378 1831 is
1424 1764 1619 1832 davor
1663 1766 1794 1851 hat,
1842 1767 1957 1833 das
2004 1786 2073 1833 er
2120 1764 2315 1851 (reus)

284 1880 661 1964 unsohuldig
715 1902 821 1966 sy3
877 1901 1064 1947 wenn
1116 1900 1284 1948 were
1340 1901 1411 1947 er
1466 1882 1535 1947 in
1592 1880 2020 1965 hanthaftiger
2070 1887 2167 1949 tat
2210 1905 2316 1967 ge-

283 1996 516 2080 fangen
569 1996 700 2061 und
743 2015 858 2061 vor
913 1996 1191 2079 geriehte
1247 1995 1498 2078 braoht‚
1556 2016 1625 2061 so
1682 1996 1777 2061 sal
1821 2017 1971 2062 man
2017 2018 2095 2063 en
2141 1998 2319 2065 nieht

287 2132 366 2176 zu
410 2110 648 2193 borgen
690 2108 954 2194 geben.“

419 2224 834 2312 Praeceptum
876 2228 1090 2295 autem
1126 2224 1290 2309 jnris
1335 2220 1515 2310 prov.
1550 2223 1699 2293 sax.
1733 2224 1813 2309 ΙΙ,
1846 2228 1907 2310 9,
1942 2229 2005 2312 3,
2051 2248 2132 2295 ne
2163 2227 2316 2295 fide-

273 2342 557 2427 jussores
603 2363 643 2408 a
685 2341 898 2410 delicti
941 2340 1262 2411 manifesti
1303 2361 1413 2408 reo
1458 2341 1779 2426 darentur,
1823 2342 2156 2428 permultis
2186 2348 2315 2416 sta-
2444 2409 2449 2412 .

281 2457 438 2527 tufis
454 2507 473 2542 ,
531 2461 604 2526 ut
643 2455 1278 2540 -Hamburgonsibus,
1333 2455 1815 2540 Bremensibus,
1865 2456 2313 2543 Verdensibua

283 2572 704 2644 Northusanis
751 2572 1230 2658 comprobatum
1275 2576 1391 2638 est.
1460 2571 1673 2639 Nihilo
1718 2577 1931 2640 tamen
1976 2573 2187 2643 minus
2216 2575 2314 2641 in-

281 2689 534 2758 terdum
579 2693 800 2756 eontra
843 2687 1006 2754 hano
1048 2686 1253 2770 legem
1297 2687 1533 2754 factum
1568 2707 1705 2754 esse
1738 2687 1957 2755 ordine
1976 2689 2313 2772 judiciario

281 2825 421 2891 oap.
457 2807 564 2888 32,
595 2805 640 2870 4
682 2803 985 2886 legimus3
1033 2802 1144 2868 sed
1190 2802 1413 2872 eodem
1444 2803 1581 2868 loeo
1612 2803 1923 2886 adjicitur,
1968 2803 2087 2870 hoe
2114 2805 2317 2873 nimia

273 2920 562 3004 judicum
591 2919 982 3004 quorundam
1013 2917 1401 3001 negligentia
1424 2917 1853 2998 introductum
1884 2917 2025 3000 lege
2052 2919 2313 2987 minime

279 3035 596 3104 sancitum
641 3054 796 3102 esse.
875 3033 1098 3102 Fiebat
1143 3038 1354 3100 autem
1402 3052 1477 3098 ea
1520 3053 1621 3100 res
1666 3033 1787 3116 ita,
1835 3038 1909 3098 ut
1952 3033 2314 3118 prolocutor

280 3151 562 3218 accusati
597 3145 664 3215 ‘si
709 3149 791 3215 ad
834 3169 1012 3218 reum
1057 3147 1520 3217 defendendum
1549 3147 1715 3216 haud
1743 3147 1839 3214 ita
1864 3147 2135 3215 multum
2164 3167 2311 3244 pro-

279 3266 448 3336 ferre
489 3269 770 3352 poterat,
816 3264 1032 3348 judice
1073 3283 1203 3328 non
1246 3262 1621 3348 prohibente
1660 3263 2111 3350 interrogaret,
2156 3282 2311 3331 num

281 3382 426 3466 quis
468 3401 588 3466 pro
631 3399 741 3446 reo
785 3399 972 3466 praes
1014 3377 1154 3446 fieri
1197 3377 1418 3460 vellet3
1468 3397 1593 3462 quo
1622 3378 1785 3444 facto
1816 3377 1872 3445 si
1904 3377 2045 3461 quis
2078 3377 2309 3462 extitit,

277 3495 406 3564 fide
451 3497 586 3580 ejus
629 3496 1004 3583 interposita
1047 3515 1194 3562 reus
1237 3515 1274 3560 e
1307 3492 1551 3579 judicio
1597 3491 2048 3562 dimittebatur.

417 3610 590 3678 Dum
634 3611 712 3678 de
756 3629 866 3678 reo
913 3611 1234 3695 agebatur,
1281 3611 1524 3676 solvere
1558 3628 1705 3674 eum
1732 3627 1859 3674 non
1886 3606 2137 3692 licebat,
2184 3607 2311 3676 nisi

279 3726 708 3796 neeessariam
767 3730 921 3794 erat.
1015 3724 1124 3795 Sio
1172 3726 1370 3794 tradit
1402 3726 1511 3809 jus
1557 3718 2054 3808 Friborgenw),
2111 3723 2309 3793 falsae

387 3883 431 3951 ι)
469 3879 556 3938 at.
583 3882 614 3936 τ
653 3880 871 3949 (schoa
904 3881 1132 3950 p.182).
