2771 4718
1460 300 1549 364 40

481 483 774 548 monetae
817 497 1000 544 reum
1043 475 1393 562 paullisper
1436 474 1703 546 vinculis
1742 473 2039 556 relaxari,
2082 479 2157 542 ut
2184 493 2515 542 nummum

485 595 566 660 ad
607 614 867 660 manum
913 593 1048 676 ejus
1096 592 1423 674 alligatum
1466 591 1697 658 falsum
1725 609 1869 658 >esse
1896 594 2341 674 cognoscatun⁸
2386 607 2513 673 quo

481 713 814 795 perspecto
859 708 1063 774 denuo
1107 707 1519 772 vinciebatur.

517 869 522 874 -
620 824 788 890 Dein
835 828 1046 890 autem
1084 821 1281 905 judex
1326 841 1507 886 reum
1537 820 1987 904 interrogabat,
2032 840 2186 888 num
2215 819 2517 886 delictum

483 959 552 1006 se
609 938 1001 1005 commisisse
1059 935 1459 1004 confiteretur
1516 955 1597 1002 an
1640 941 1921 1018 negaret.
2012 934 2349 1002 Confessus
2392 955 2517 1020 pro

483 1055 767 1121 convicto
813 1053 1161 1120 habebatur
1198 1071 1593 1137 poenamque
1624 1051 1905 1132 subibat3
1954 1051 2053 1117 sin
2086 1055 2297 1118 autem
2326 1050 2519 1136 culpa

481 1190 550 1235 se
596 1189 808 1234 carere
853 1167 1230 1249 affirmabat,
1270 1168 1415 1250 jure
1462 1167 1715 1251 quidem
1762 1187 1875 1233 suo
1920 1167 2017 1232 uti
2062 1171 2127 1232 et
2150 1166 2517 1249 juramento

481 1285 722 1350 crimen
767 1283 1016 1348 amoliri
1063 1282 1122 1348 ei
1166 1301 1294 1347 non
1337 1281 1589 1364 licebat,
1636 1282 1747 1348 sed
1792 1280 2035 1348 duobus
2068 1281 2271 1348 modis
2304 1301 2373 1347 se
2403 1281 2516 1347 de-

479 1399 735 1466 fendere
779 1402 1063 1484 poterat:
1111 1401 1222 1463 aut
1266 1397 1437 1462 enim
1482 1395 1869 1479 affirmabat,
1915 1396 1994 1462 de
2038 1396 2266 1464 delicto
2310 1397 2519 1464 mani-

479 1515 640 1580 festo
687 1514 942 1578 omnino
989 1513 1094 1595 agi
1137 1531 1266 1578 non
1309 1531 1529 1597 posse,
1584 1531 1777 1596 quum
1822 1511 2056 1594 injuria
2098 1512 2169 1578 in
2202 1512 2519 1595 judicium

482 1629 784 1696 deductus
823 1622 992 1694 esset
1023 1625 1087 1709 (ξ
1113 1628 1202 1710 8),
1249 1631 1358 1692 aut
1396 1627 1663 1708 dicebat,
1708 1627 2099 1692 commisisse
2146 1626 2401 1711 quidem
2445 1647 2521 1694 se

482 1745 782 1812 delictum
806 1743 918 1810 sed
937 1743 1032 1808 ita
1059 1742 1370 1824 excusari,
1401 1746 1475 1808 ut
1502 1760 1709 1828 poena
1738 1740 1905 1808 affici
1934 1762 2061 1808 non
2090 1747 2307 1827 posset
2336 1740 2401 1824 (ξ
2426 1741 2517 1823 9).

1438 1951 1570 2035 §8.

1057 2087 1104 2154 I.
1177 2089 1281 2154 De
1329 2089 1787 2174 exceptionibus
1829 2089 1939 2151 rei.

619 2230 832 2297 Facile
887 2236 998 2296 aut
1038 2235 1300 2315 propter
1347 2228 1560 2293 dolum
1604 2226 1844 2293 malum
1890 2233 2001 2293 aut
2044 2231 2304 2313 propter
2349 2247 2524 2292 erro-

485 2369 624 2415 rem
672 2345 900 2432 aliquis
946 2343 1160 2411 delicti
1203 2343 1527 2409 manifesti
1574 2344 1856 2410 accusari
1894 2329 2163 2430 poterat,
2212 2342 2381 2429 quod
2412 2348 2527 2410 aut
2642 2345 2659 2367 ⁸

490 2464 746 2529 omnino
793 2483 918 2528 non
963 2461 1202 2527 factum
1250 2464 1360 2524 aut
1394 2464 1564 2525 certe
1592 2459 1998 2525 manifestum
2030 2480 2156 2525 non
2188 2454 2339 2526 erat.
2398 2458 2524 2537 Qui

489 2580 683 2661 igitur
729 2578 822 2643 ita
878 2576 1072 2641 alium
1132 2595 1427 2641 accusare
1470 2573 1700 2658 voluit,
1763 2575 1899 2641 sine
1953 2574 2141 2641 dubio
2174 2584 2265 2641 'ea
2292 2576 2527 2641 'omnia

485 2693 782 2777 faciebat,
830 2712 991 2777 quae
1028 2690 1209 2755 aliter
1240 2690 1535 2756 delictum
1566 2690 1971 2756 manifestum
2003 2691 2179 2774 sequi
2212 2689 2523 2774 solebant,

491 2830 614 2894 quo
672 2808 902 2875 certius
957 2807 1068 2873 ille
1125 2805 1679 2889 condemnaretur,
1736 2806 1951 2890 itaque
2005 2806 2285 2873 vinctum
2338 2826 2527 2873 reum

490 2945 618 2990 una
673 2940 814 2989 cum
862 2922 1146 3005 vestigiis
1191 2921 1342 2987 facti
1388 2922 1456 2986 in
1491 2923 1599 3005 jus
1643 2921 1950 3006 rapiebat.
2042 2920 2219 2999 Quod
2264 2921 2526 3005 quidem

489 3040 662 3106 haud
707 3058 895 3125 saepe
943 3038 1244 3104 accidisse
1272 3037 1617 3102 verisimile
1658 3041 1755 3103 est
1781 3037 2057 3103 maxime
2090 3042 2349 3123 propter
2380 3056 2525 3103 eam

494 3175 769 3238 causam,
819 3154 986 3239 quod
1028 3154 1096 3218 in
1142 3152 1368 3219 delicto
1416 3152 1751 3219 manifesto
1798 3171 2048 3237 semper
2091 3130 2284 3217 testes
2330 3152 2525 3217 advo-

495 3271 828 3353 cabantur,
891 3269 999 3353 qui
1046 3268 1280 3352 injuste
1325 3267 1535 3333 facere
1580 3272 1852 3333 actorem
1901 3266 2395 3352 perspiciebant,
2454 3266 2527 3331 id

470 3386 661 3471 *quod
707 3384 815 3449 ille
861 3387 971 3449 aut
1013 3402 1141 3448 non
1185 3380 1579 3465 intelligebat
1609 3387 1721 3447 aut
1748 3402 1815 3447 se
1844 3381 2197 3465 intelligere
2228 3382 2525 3449 dissimu-

493 3501 685 3567 labat.
749 3498 954 3577 Quare
999 3498 1170 3564 illius
1214 3499 1310 3565 rei
1355 3518 1501 3564 raro
1544 3497 1617 3564 fit
1646 3498 1901 3563 mentio.
1966 3494 2091 3563 Sed
2121 3485 2336 3563 tamen
2362 3516 2526 3561 non-

493 3634 840 3700 numquam
897 3614 1198 3681 accidisse
1255 3634 1335 3681 ex
1389 3613 1591 3680 tribus
1634 3612 1790 3679 locis
1836 3612 2237 3696 intelligitur,
2296 3611 2527 3696 quibus

497 3730 709 3797 delicti
753 3729 1025 3812 vestigia
1081 3729 1268 3795 alicui
1312 3730 1377 3795 vi
1424 3728 1682 3811 alligata
1725 3716 1862 3794 esse
1904 3728 2191 3811 legimus.
2284 3726 2412 3793 Sed
2454 3726 2530 3793 hi

448 3874 457 3882 ·
498 3845 620 3913 loci
667 3844 822 3912 adeo
867 3846 1034 3911 inter
1089 3866 1158 3912 se
1213 3842 1543 3928 differunt,
1598 3848 1671 3909 ut
1726 3864 1889 3929 quae
1946 3863 2165 3911 eorum
2221 3841 2305 3909 sit
2356 3842 2526 3909 ratio

2722 2834 2727 3085 !

2720 3120 2727 3367 1

2720 3742 2725 3973 ἡ

2718 4030 2725 4271 Ι

2712 4320 2725 4665 l
