2771 4718
1237 313 1316 376 41

263 487 520 554 difficile
564 491 993 572 cognoscatur.
1056 486 1354 555 Ceterum
1397 486 1571 556 locus
1606 488 1715 572 qui
1745 489 2161 556 inveniturin
2184 505 2291 558 'or-

265 603 414 670 dine
452 604 587 687 jud.
629 606 738 686 32,
775 605 816 668 6
863 604 972 670 vix
1015 603 1140 668 huc
1181 602 1479 688 pertinet,
1526 623 1719 687 quum
1764 603 1855 670 ibi
1900 604 1981 670 de
2024 623 2097 672 00
2144 625 2293 688 aga—

263 722 402 800 tur,
459 718 545 784 ad
599 737 784 802 quem
842 717 1058 814 delicti
1100 717 1368 800 vestigia
1422 737 1553 784 non
1608 718 1744 786 sine
1800 738 1989 786 causa
2034 719 2295 803 alligata

267 837 448 914 sunt3
507 833 620 898 sed
665 853 856 917 quum
903 833 988 898 ad
1031 838 1272 900 ceteros
1315 832 1723 918 explicandos
1768 834 1943 900 utilis
1988 836 2091 918 sit,
2146 851 2292 902 eum

263 948 370 1014 hic
415 947 640 1016 afferre
682 947 886 1016 liceat.
948 947 1078 1014 Fur
1107 948 1272 1014 enim
1309 948 1701 1030 manifestae,
1750 950 1857 1031 qui
1886 956 2107 1018 eontra
2128 950 2291 1034 juris

265 1068 608 1149 praecepta
670 1062 1141 1147 fidejussoribus
1211 1063 1374 1130 datis
1438 1084 1473 1128 0
1524 1064 1761 1147 Judicio
1821 1064 2117 1134 dimissus
2174 1070 2291 1149 est,

172 1184 176 1188 ’
265 1178 460 1244 clam
481 1198 611 1245 ore
675 1178 924 1244 sublato
981 1178 1296 1262 queritur,
1365 1178 1535 1262 quod
1592 1199 1811 1244 rursus
1867 1180 1933 1246 in
1982 1181 2291 1264 judicium

265 1294 544 1360 venienti
588 1314 690 1360 res
732 1294 970 1360 furtiva
1011 1292 1136 1374 sibi
1179 1292 1438 1376 alligata
1482 1294 1583 1360 sit.
1665 1293 1789 1360 Sed
1832 1296 2149 1362 neminem
2194 1296 2292 1362 in-

257 1411 444 1493 jussu
479 1409 714 1493 judicis
749 1408 976 1474 vinciri
1003 1428 1190 1494 posse
1219 1408 1499 1491 allegans
1528 1429 1757 1494 parum
1788 1408 2039 1495 proficit
2080 1414 2293 1478 actore
2379 1439 2381 1442 ’

265 1525 670 1609 metseptimo
735 1523 1074 1609 probante,
1145 1543 1216 1590 se
1267 1523 1445 1607 illum
1501 1525 1571 1590 in
1625 1523 1777 1607 fuga
1834 1525 2289 1610 deprehensum

269 1639 510 1724 optimo
545 1640 690 1723 jure
736 1639 1034 1705 vinxisse.

403 1754 501 1820 De
557 1753 680 1820 alio
727 1754 980 1821 homine
993 1801 1012 1836 ‚
1069 1753 1173 1818 cui
1216 1753 1280 1818 vi
1323 1773 1427 1818 res
1471 1753 1741 1821 furtivae
1788 1753 2078 1836 alligatae
2124 1759 2291 1838 sunt,

269 1870 668 1955 quaestiones
699 1867 1268 1952 Magdeburgenses
1298 1867 1405 1952 ΠΙ,
1440 1871 1501 1951 2,
1541 1871 1569 1934 1
1610 1868 1981 1952 loquuntur3
2030 1869 2143 1936 sed
2184 1868 2293 1936 ille

268 1985 428 2052 falso
487 1989 814 2052 accusatus
871 1983 1057 2052 faci-le
1111 2004 1179 2050 se
1237 1988 1567 2070 expurgat.
1652 1983 1858 2062 Quum
1904 1985 2075 2052 enim
2120 1989 2294 2051 actor

270 2099 606 2166 clamorem
663 2120 792 2166 non
837 2098 1162 2165 sustulerit
1205 2117 1410 2181 neque
1453 2102 1647 2164 testes
1692 2099 2091 2184 produxerit,
2146 2119 2293 2166 reus

273 2216 422 2300 quia
466 2215 760 2282 delictum
809 2214 1064 2280 omnino
1111 2213 1517 2282 manifestum
1563 2233 1691 2280 non
1737 2219 1861 2297 est,
1917 2235 2050 2280 rem
2108 2215 2293 2300 furti-

269 2350 416 2417 vam
459 2330 526 2398 vi
569 2330 692 2398 sibi
735 2330 1098 2416 impositam
1147 2349 1282 2397 esse
1301 2418 1306 2423 ι
1318 2329 1571 2413 juratus
1618 2329 1979 2397 absolvitur.

407 2445 646 2512 Similis
693 2466 886 2513 causa
930 2446 1184 2513 statutis
1223 2445 1499 2511 civitatis
1528 2443 1959 2511 Leobschuetz
1994 2443 2294 2524 (Boehme

270 2563 348 2647 Π,
394 2584 456 2649 p.
492 2563 560 2643 9)
605 2566 931 2629 tractatur.
1006 2561 1066 2627 Is
1113 2560 1302 2643 enim,
1349 2579 1539 2644 quem
1585 2560 1745 2625 alius
1792 2561 1853 2625 vi
1900 2560 2109 2644 gladio
2156 2559 2294 2625 alli-

269 2683 418 2761 gato
464 2678 541 2744 de
585 2678 776 2745 caede
823 2696 1118 2743 accusare
1160 2675 1326 2758 vult,
1385 2675 1660 2742 clamore
1705 2675 1951 2743 sublato
1998 2677 2129 2743 vim
2172 2675 2296 2742 sibi

269 2794 506 2861 factam
563 2812 698 2859 esse
755 2797 1012 2877 questus
1066 2790 1332 2860 testibus
1384 2791 1496 2874 qui
1540 2790 1877 2857 clamorem
1923 2791 2297 2858 audiverant

273 2910 594 2975 advocatis
641 2909 1101 2977 accusationem
1145 2904 1445 2981 infirmat.
2308 2895 2331 2912 ⁹

407 3024 645 3103 Quibus
690 3044 770 3090 ex
814 3022 990 3106 lociS,
1039 3021 1326 3105 quamvis
1369 3020 1644 3087 multum.
1683 3022 1851 3087 inter
1880 3042 1951 3087 se
1978 3018 2293 3105 differant,

273 3145 490 3208 tamen
533 3139 688 3205 haec
731 3138 912 3222 sequi
947 3136 1258 3205 videntur.
1325 3134 1396 3201 Si
1440 3136 1543 3201 cui
1571 3136 1667 3201 vis
1712 3134 1921 3227 fiebat,
1966 3140 2039 3200 ut
2082 3133 2296 3201 delicti

273 3254 541 3337 vestigia
587 3255 645 3321 ei
692 3252 1116 3335 affigerentur,
1164 3255 1309 3317 ante
1339 3249 1571 3317 'omnia
1613 3250 1951 3320 clamorem
1998 3270 2139 3317 eum
2175 3248 2296 3315 tol-

271 3370 403 3437 lere
447 3388 702 3435 necesse
747 3373 903 3451 erat,
950 3386 1072 3453 quo
1118 3366 1419 3450 injuriam
1461 3366 1584 3432 sibi
1626 3366 1868 3431 illatam
1915 3384 2053 3431 esse
2098 3384 2295 3450 appa-

275 3489 462 3551 reret.
549 3483 682 3562 Quo
740 3482 1014 3551 clamore
1065 3481 1330 3547 testibus
1378 3481 1594 3547 accitis
1638 3481 1694 3546 is
1742 3480 1850 3564 qui
1894 3479 2294 3561 clamaverat,

277 3599 397 3669 etsi
452 3599 698 3665 vinctus
754 3598 823 3664 in
869 3596 1176 3681 judicium
1235 3595 1544 3663 adductus
1601 3600 1794 3678 esset,
1854 3601 2067 3661 tamen
2120 3594 2299 3680 prior

277 3715 589 3782 actionem
635 3748 720 3761 --
769 3732 929 3796 quae
983 3712 1214 3780 dicitur
1260 3760 1294 3795 „
1312 3710 1415 3777 die
1462 3709 1747 3794 vorclage
1764 3708 1797 3742 “
1813 3707 1853 3791 ¹)
1901 3745 1984 3757 -
2032 3710 2100 3775 in
2152 3729 2297 3777 eum

384 3896 430 3981 ι)
463 3914 661 3969 Levita
694 3912 733 3967 1.
759 3928 809 3968 ο.
844 3926 899 3981 p.
928 3912 1048 3967 123.
