2771 4718
1444 349 1523 412 18

459 525 514 590 si
559 523 686 590 ullo
731 523 918 591 modo
963 522 1102 590 fieri
1144 529 1417 610 poterat,
1464 523 1653 590 rebus
1698 523 2015 606 omnibns,
2060 541 2223 607 qnae
2266 519 2347 588 ad
2375 519 2491 586 do-

457 639 676 706 lictum
728 638 1161 725 pertinebant,
1217 659 1411 723 quam
1460 638 1723 706 minime
1767 638 2156 720 immutatis,
2204 637 2273 704 in
2315 634 2491 719 judi-

459 755 628 823 cium
682 754 908 820 adduci
963 759 1028 820 et
1079 754 1174 820 ita
1223 753 1523 822 delictmn
1566 753 1780 842 ipsum
1825 751 2021 823 oculis
2066 750 2491 835 judicantium

461 870 639 953 quasi
685 869 954 954 proponi
963 865 1024 950 ¹).

593 984 710 1050 Jus
754 1003 931 1068 prov.
967 983 1116 1049 Sax.
1157 982 1206 1066 Ι,
1237 984 1345 1065 66,
1388 986 1451 1048 l:
1504 981 1753 1066 „Svcne
1796 1001 1946 1050 man
1989 981 2115 1050 mit·
2144 981 2267 1048 ⁴der
2302 980 2487 1078 pant-

459 1099 675 1164 haften
721 1098 832 1164 dat
875 1098 1032 1181 veit,
1091 1098 1222 1164 aleo
1235 1146 1253 1180 ‚
1311 1097 1445 1164 alse
1488 1097 1569 1165 he
1612 1117 1939 1182 gevangen
1982 1097 2157 1180 wiri„
2212 1095 2345 1164 also
2392 1095 2491 1164 sal

461 1234 608 1280 man
663 1214 768 1279 ine
811 1233 926 1280 vor
971 1212 1248 1295 gerichte
1295 1209 1623 1294 mingens

595 1329 914 1414 Imprimis
960 1327 1176 1396 delicti
1219 1327 1489 1410 vestigia
1532 1326 1779 1394 ostendi
1822 1328 2173 1413 oportebat.
2262 1325 2491 1396 caedis

461 1445 655 1527 igitur
688 1443 1397 1529 auctor'producebatur
1438 1462 1581 1510 cum
1610 1442 1778 1512 ferro
1791 1439 1873 1524 ’);
1921 1447 1985 1510 ot
2011 1442 2329 1528 plerisque
2360 1447 2493 1511 eta*

461 1560 614 1626 tutis
660 1559 1010 1626 homicidae
1055 1558 1366 1642 gladium,
1408 1577 1545 1642 :quo
1588 1557 1845 1626 caedem
1882 1558 2061 1642 fecit,
2104 1559 2187 1626 ad
2230 1576 2493 1626 manum

463 1674 788 1756 alligatum
836 1693 974 1741 esse
1015 1673 1302 1756 legimue.·
1393 1673 1623 1756 Itaque·
1655 1672 1803 1742 telo
1830 1693 1871 1740 a.
1910 1671 2231 1757 malonem
2281 1674 2497 1760 priua-

465 1810 651 1873 quam
697 1790 766 1854 in
802 1789 1116 1873 judicium
1143 1790 1439 1870 venisset,
1488 1787 1731 1872 abjecto
1778 1788 1855 1856 de
1900 1788 2133 1876 delicto
2156 1789 2495 1856 manifoeto

464 1906 565 1988 agi
611 1924 736 1970 non
785 1924 969 1989 posse
1017 1905 1268 1970 statutis
1309 1903 1583 1969 civitatis
1613 1902 2043 1970 Leobschuetz
2082 1903 2381 1986 (Boehme
2410 1902 2493 1988 Π,

463 2040 528 2105 p.
564 2022 630 2101 9)
678 2018 986 2084 traditur:
1430 2030 1439 2038 ”

600 2133 867 2218 „Wirfet
909 2134 1026 2200 her
1072 2133 1220 2200 aber
1267 2134 1379 2199 das
1424 2152 1673 2200 meszer
1714 2133 2008 2200 ader³das
2038 2133 2246 2200 swerd
2276 2153 2351 2200 us
2378 2133 2501 2200 der

463 2249 634 2315 hand
689 2248 856 2314 unde
911 2249 1135 2333 kompt
1187 2268 1302 2313 vor
1358 2248 1636 2331 gerichte
1676 2269 1768 2338 ‘zo
1814 2249 1901 2315 ist
1944 2251 2057 2316 her
2103 2249 2251 2335 sych
2299 2249 2495 2316 neher

464 2386 580 2431 czu
625 2385 837 2431 weron
884 2414 898 2429 .
935 2414 950 2429 .
988 2414 1003 2428 .
1050 2383 1272 2429 wenne
1317 2385 1399 2430 en
1440 2365 1677 2449 ymand
1718 2372 1905 2449 muge
1948 2364 2399 2433 obirwindem*

597 2480 738 2545 Una
783 2499 928 2546 cum
971 2480 1182 2551 caedis
1227 2485 1483 2546 auctore
1527 2480 1583 2545 is
1627 2500 1897 2565 εῃιοιῃῑιο,ι
1940 2502 2127 2569 quem
2158 2481 2493 2564 occiderat,

467 2594 676 2660 afferri
707 2594 966 2677 solebat,
1013 2595 1114 2660 vel
1143 2596 1222 2677 ie,
1255 2616 1437 2679 quem
1471 2595 1932 2681 vulneraverat,
1964 2596 2497 2683 vulneribus-,pla-

465 2711 640 2793 gisve
686 2710 1032 2796 perspectis
1080 2710 1309 2775 actoris
1354 2716 1568 2796 partes
1621 2712 2020 2798 suscipiebat.
2094 2711 2361 2804 Saepius
2402 2712 2494 2778 le-

467 2826 693 2910 gimus,
738 2826 942 2891 furem
990 2824 1394 2891 manifestum
1440 2825 1731 2893 manibus
1762 2833 1909 2912 poet
1935 2806 2183 2910 tergum
2210 2827 2497 2911 religatis

468 2960 609 3005 cum
655 2961 724 3005 re
768 2940 1004 3005 furtiva
1044 2940 1516 3025 producendum
1562 2962 1718 3009 esse.
1754 2970 1761 2975 ·

604 3054 1144 3137 Stat.Flensburg.
1181 3061 1296 3121 art.
1322 3060 1445 3122 115
1480 3057 1582 3136 (de
1608 3054 2013 3143 Westphalen
2041 3057 2147 3141 IV,
2178 3078 2241 3144 p.
2267 3058 2494 3139 1935):

474 3168 655 3254 „Wol
713 3171 891 3235 sinen
937 3170 1112 3236 Deev
1157 3170 1358 3257 gript‚
1422 3172 1499 3238 de
1550 3170 1740 3237 binde
1786 3172 1927 3239 ehm
1974 3174 2111 3239 sine
2154 3172 2361 3239 hande
2404 3192 2495 3259 up

471 3285 612 3351 dem
657 3291 916 3368 miggen,
963 3285 1096 3349 und
1140 3285 1360 3369 bringe
1408 3285 1529 3352 ehn
1574 3292 1638 3351 to
1684 3286 1935 3372 dinge.“

579 3532 622 3596 ι)
657 3528 868 3583 Planck
892 3528 929 3582 1.
950 3544 999 3585 c.
1024 3545 1080 3597 p.
1099 3530 1232 3585 225:
1267 3530 1403 3599 „Die
1426 3530 1575 3585 That
1596 3531 1771 3588 selbot
1792 3532 1931 3587 wird
1956 3531 2131 3587 durch
2152 3532 2265 3589 don
2286 3532 2501 3603 Klfigcr

469 3624 946 3694 gowisacrmaseen
980 3626 1039 3679 in
1076 3626 1175 3681 das
1211 3626 1441 3683 Gericht
1474 3628 1789 3697 gebracht.“

579 3723 624 3789 ²)
660 3722 756 3791 „in
793 3723 913 3790 ipso
949 3728 1078 3778 actu
1114 3738 1238 3778 cum
1277 3724 1463 3793 gladio
1500 3730 1789 3782 cruentato
1821 3726 2237 3796 deprehenau⁸“
2274 3728 2428 3799 (jura
2462 3744 2501 3783 a

470 3818 800 3875 wenceslao
837 3821 944 3875 civ.
970 3822 1244 3877 Brunensi
1281 3838 1332 3875 a.
1363 3824 1501 3876 1243
1527 3838 1792 3879 concessa
1810 3829 1856 3889 ὅ
1878 3826 1954 3893 9),
1988 3825 2088 3893 „in
2114 3826 2323 3881 recenti
2348 3824 2499 3881 facto

338 3925 344 3929 ·
472 3931 597 3969 cum
635 3917 1002 3972 instrumento
1037 3918 1273 3986 captus“
1309 3918 1463 3987 (jura
1496 3919 1755 3975 Tremon.
1788 3926 1895 3975 art.
1920 3922 2099 3989 468)..
