2771 4718
1441 332 1525 400 38

473 519 544 583 in
591 515 796 582 alieno
845 533 996 598 agro
1045 513 1472 599 deprehensus
1518 516 1583 578 et
1616 505 1840 578 'eoi-am
1875 509 2091 595 judice
2135 509 2357 575 ductus
2400 505 2514 592 sit,

477 632 786 698 actionem
831 629 1236 695 manifestam
1279 627 1525 694 intendi
1554 647 1740 713 posse
1771 625 2035 709 dicatur,
2072 623 2295 690 'tamen
2322 624 2519 707 longe

477 747 681 828 aliter,
729 765 803 811 ac
847 745 904 809 si
947 743 1014 808 in
1061 743 1290 810 delicto
1308 735 1318 742 ’
1338 743 1763 828 deprehensus
1810 743 1913 825 sit,
1962 759 2219 808 causam
2248 740 2520 806 tractari

477 861 696 928 eodem
751 861 890 925 loco
945 859 1236 926 traditur.
1329 859 1493 926 Nam
1550 858 2001 924 condemnatus
2060 855 2169 922 ille
2213 874 2339 920 non
2384 855 2521 920 nisi

477 997 684 1062 poena
747 973 1116 1060 pecuniaria
1167 972 1585 1056 multabatur,
1655 973 1864 1039 delicti
1922 976 2133 1038 autem
2190 969 2521 1039 manifesti

479 1091 800 1157 convictus
862 1109 1112 1174 semper
1167 1089 1397 1174 capitis
1439 1105 1711 1174 poenam
1756 1083 2072 1172 solvebat,
2128 1089 2201 1151 ut
2246 1085 2523 1171 apparet

481 1217 562 1272 ex
607 1204 828 1271 ordine
863 1203 999 1287 jud.
1035 1206 1143 1286 30,
1175 1206 1246 1269 2:

618 1319 828 1403 „Over
881 1319 1062 1384 desse
1107 1317 1219 1399 (de
1263 1318 1592 1385 hanthafte
1636 1318 1782 1399 dat)
1824 1317 1959 1402 geit
2001 1317 2081 1384 de
2126 1320 2293 1383 erste
2334 1317 2517 1403 pine,

484 1434 595 1500 dat
644 1435 776 1518 geit
820 1453 902 1499 an
943 1433 1057 1500 dat
1095 1431 1232 1500 liff‘

1295 1704 1309 1716 υ
1435 1619 1566 1704 §a

483 1757 588 1822 De
641 1755 1134 1841 prolocutoribus
1177 1755 1774 1842 fideyhassoribusque
1826 1765 1885 1818 et
1941 1755 2018 1820 de
2073 1751 2365 1840 responso
2424 1758 2525 1818 rei

1394 1873 1618 1954 ayitur.
1880 1887 1886 1894 ·

616 2009 887 2076 Actione
949 2008 1144 2090 igitur
1197 2007 1492 2073 instituta
1546 2027 1693 2074 reus
1750 2026 1997 2094 queque
2052 2010 2521 2094 prolocutorem

487 2124 837 2211 accipiebat
851 2099 923 2206 ι)“;
979 2123 1037 2188 si
1091 2128 1301 2189 autem
1345 2123 1577 2190 mulier
1618 2123 1720 2192 vel
1762 2124 2037 2192 furiosus
2082 2125 2184 2191 vel
2226 2125 2519 2210 impubes

487 2240 942 2306 accusabantur
955 2289 973 2322 ,
1031 2256 1298 2322 quorum
1338 2237 1662 2321 legitimus
1707 2244 1881 2305 tutor
1926 2235 2174 2323 aberat,
2220 2243 2393 2306 tutor
2436 2241 2519 2306 iis

487 2355 772 2422 dabatur.
868 2354 1128 2423 Statuta
1181 2357 1392 2419 autem
1436 2347 1942 2439 Hamburgensia
1987 2353 2320 2423 Stadensia
2362 2355 2521 2423 Bre-

485 2467 790 2567 mensia⁸)
821 2471 992 2536 fures
1021 2470 1423 2555 latronesque
1450 2471 1519 2536 in
1550 2470 1776 2536 delicto
1800 2470 2221 2557 deprehensos
2242 2472 2521 2537 vinctos-

488 2604 609 2670 que
665 2586 730 2650 in
768 2584 1073 2668 judicium
1121 2586 1340 2651 ductos
1388 2584 1817 2670 prolocutores
1862 2606 1988 2651 non
2034 2587 2345 2673 accipere,
2404 2588 2522 2653 sed

489 2718 614 2786 quo
661 2721 728 2766 se
773 2700 1182 2766 defenderent
1223 2700 1292 2766 id
1335 2700 1511 2785 ipsos
1556 2702 1839 2786 proferre
1882 2700 2233 2769 voluerunt.
2328 2701 2521 2768 Simi-

486 2813 636 2883 liter
684 2816 791 2900 jus
836 2815 1250 2899 Fribergense
1259 2811 1308 2897 ⁸)
1365 2816 1445 2881 de
1500 2816 1580 2881 iis
1638 2816 1823 2899 dicit,
1880 2817 1989 2901 qui
2042 2817 2171 2882 vim
2212 2817 2521 2885 facientes

349 2956 358 2963 ·
486 2931 864 3016 deprehensi
923 2936 1088 2997 sunt.
1139 2966 1226 2977 --
1270 2930 1491 3015 Neque
1534 2952 1683 2997 vero
1730 2932 1785 2998 si
1830 2933 1908 2998 de
1952 2931 2179 2999 delicto
2222 2931 2523 3015 flagranti

491 3046 824 3129 agebatur,
893 3051 1075 3132 pater
1141 3045 1342 3111 filium
1409 3066 1536 3112 non
1600 3048 2064 3133 emancipatum
2122 3048 2521 3113 accusatione

488 3161 759 3228 liberare
815 3167 1068 3247 poterat
1119 3163 1448 3228 innoxium
1505 3182 1651 3228 eum
1709 3182 1845 3229 esse
1879 3163 2187 3245 jurand0‚
2232 3162 2305 3228 ‘id
2352 3164 2523 3247 qnod

487 3277 696 3342 fontes
742 3275 960 3343 dicunt
996 3296 1346 3360 „uznemen
1375 3276 1475 3342 uff
1496 3277 1619 3344 den
1647 3277 1921 3360 heiligen
1948 3279 2071 3343 mit
2100 3279 2267 3343 sines
2298 3276 2523 3345 selbist

491 3388 709 3475 hant“‚
759 3392 872 3457 sed
913 3390 1115 3457 filium
1159 3393 1369 3477 ipsum
1416 3411 1485 3457 se
1527 3392 1863 3459 defendere
1905 3386 2161 3461 necesse
2202 3397 2373 3459 erat:

599 3578 618 3610 ¹
679 3573 797 3629 ord.
825 3572 938 3627 'ud.
965 3573 1035 3625 32
1083 3573 1133 3627 1.

601 3576 645 3735 ΞΒ)
684 3590 1109 3725 81α1ῖιΗαιι111Ῐει.
1125 3669 1280 3725 1270.
1305 3672 1389 3738 12,
1410 3672 1443 3727 7
1464 3671 1849 3741 (Lappenberg
1867 3687 1919 3739 p.
1943 3671 2053 3739 68).
2089 3671 2228 3726 Stat.
2246 3673 2430 3727 Brem.
2452 3674 2521 3729 76

495 3765 763 3833 (Oelrichs
799 3782 855 3835 p.
886 3767 1030 3834 110).
1084 3766 1223 3821 Stat.
1250 3766 1405 3821 Stad.
1445 3768 1528 3835 11,
1565 3768 1595 3821 7
1636 3766 1968 3833 (Pufendorf
1995 3769 2142 3825 obss.
2178 3774 2313 3826 tom.
2338 3770 2389 3838 Ι,
2428 3786 2523 3840 ap-

493 3862 702 3931 pendix
736 3878 791 3931 p.
817 3864 964 3931 226).
1212 3864 1256 3931 ⁸)
1294 3864 1379 3918 tit.
1407 3864 1477 3918 28
1514 3862 1737 3931 (Schott
1766 3880 1823 3934 p.
1849 3858 1995 3933 235).

2726 2538 2735 2795 ³

2728 3064 2731 3101 Ι

2706 4350 2725 4673 ,
