2771 4718
1235 359 1319 425 35

258 533 686 617 eontusinnes,
742 533 1145 619 inspicerent.
1236 533 1618 621 Plerumque
1676 535 1799 604 duo
1850 557 1889 602 a
1923 536 2138 620 judicie
2185 537 2293 604 de-

259 649 692 734 signabantur,
732 650 1049 726 interdum
1081 655 1293 718 autem
1326 651 1539 735 ipsum
1559 652 1836 734 judicem
1868 652 2291 738 perspexisse,

259 764 416 849 quin
457 765 652 839 etiam
695 765 972 834 medicos
987 762 1028 847 ¹)
1075 765 1411 834 advocatos
1458 786 1595 834 esse
1623 766 1928 850 legimus,
1978 767 2085 850 qui
2116 767 2292 850 jure-

249 879 526 962 jurando
556 897 716 964 quae
744 881 1052 949 vidissent
1081 879 1589 949 testificarentur.
1664 880 1733 947 Si
1764 901 1993 968 eorpus
2022 882 2295 967 proferri

257 1014 386 1066 nou
431 999 700 1080 poterat,
745 1015 1198 1080 nonnunquam
1245 997 1587 1064 abseissam
1634 997 1825 1065 eccisi
1854 1017 2115 1065 manum
2144 1017 2293 1083 pro-

151 1125 170 1131 ‘
258 1112 412 1196 poni
455 1107 892 1195 sufficiebat²)‚
942 1132 1104 1196 quae
1152 1109 1585 1197 „lipeziehen“
1636 1111 2096 1198 appellabatur.
2166 1111 2293 1180 Ea*

260 1226 406 1296 dem
438 1226 528 1293 ,de
565 1247 766 1297 eausa
809 1227 1108 1312 carmine,
1158 1226 1326 1312 quod
1369 1227 1735 1294 inscribitur
1784 1227 2103 1311 „Reineke
2134 1226 2289 1294 vos⁶⁴

256 1341 440 1410 nobis
482 1347 778 1414 narratur
821 1341 904 1424 (v.
929 1344 1104 1408 3402
1139 1345 1280 1426 sq.),
1329 1341 1869 1422 Merkenouwium
1898 1363 2139 1430 pennas
2174 1343 2293 1410 ali-

257 1477 413 1541 quas
451 1458 746 1542 comicis,
793 1477 984 1542 quam
1029 1457 1252 1543 vulpes
1289 1458 1591 1541 eomedit,
1637 1459 1774 1540 regi
1818 1459 2199 1540 ostendisse:

529 1572 686 1658 ,dar
729 1578 884 1639 vant
925 1573 996 1640 ik
1039 1572 1200 1641 noch
1249 1573 1443 1650 etlike
1486 1573 1803 1648 vedderen

529 1709 698 1772 „van
741 1709 1034 1774 myneme
1080 1709 1260 1774 wyve
1305 1687 1852 1774 Soharpenebben,

528 1825 655 1890 „up
701 1805 814 1872 dat
855 1805 926 1870 ik
971 1805 1048 1879 de
1093 1805 1212 1871 mit
1254 1825 1366 1889 my
1410 1805 1671 1872 moehte-
1703 1804 1949 1872 hebben

527 1919 734 2005 „unde
777 1919 1026 1987 moohte
1071 1919 1150 1985 de
1193 1939 1411 2005 wysen
1446 1920 1666 2003 juwen
1706 1917 2021 2003 guaden.“

254 2034 486 2104 Postea
529 2052 666 2104 mos
695 2035 1046 2120 optinuisse
1071 2035 1370 2118 traditur,
1416 2040 1490 2102 ut
1518 2055 1635 2121 pro
1668 2035 1857 2102 occisi
1888 2055 2080 2102 manu
2112 2054 2295 2102 cerea

245 2151 448 2235 judici
493 2134 840 2224 efferretur.
911 2149 1007 2224 cf.
1042 2148 1292 2218 Grimm
1335 2150 1409 2218 R.
1443 2151 1523 2216 A.
1570 2171 1635 2236 p.
1670 2153 1821 2219 880.

392 2266 697 2332 Similiter
752 2265 1188 2332 vulneratione
1241 2265 1413 2332 faeta
1459 2265 1721 2333 vulnera
1778 2264 2292 2348 ostendebantur,

255 2388 330 2449 nt
373 2386 710 2469 appareret
752 2385 968 2450 utrum
1012 2382 1354 2450 certamine
1402 2382 1593 2464 digna
1624 2387 1835 2450 essent
1865 2400 2085 2463 necne,
2132 2400 2293 2465 quae

255 2518 358 2565 res
405 2498 488 2566 ad
529 2516 804 2583 poenam
843 2498 1121 2569 accusati
1167 2496 1517 2579 aagendam
1560 2496 1663 2563 vel
1691 2496 2101 2563 minuendam
2129 2496 2293 2561 mul-

253 2618 392 2679 tum
423 2612 714 2680 valebat.
801 2612 1104 2680 Aeeusati
1161 2633 1407 2696 quoque
1463 2612 1753 2681 habitum
1797 2612 2187 2697 vestigiaque
2234 2612 2295 2679 ei

256 2728 696 2809 adhaerentia,
755 2733 828 2795 ut
881 2727 1160 2798 maculas
1217 2727 1540 2811 sanguinis
1556 2778 1575 2811 ,
1637 2748 1815 2795 arma
1868 2727 2119 2811 telaque
2164 2746 2293 2793 una

255 2862 402 2912 eum
447 2863 520 2912 eo
565 2842 818 2928 prolata
859 2849 1224 2927 ceterasque
1268 2864 1393 2927 res,
1440 2863 1601 2927 quae
1647 2842 1729 2909 ad
1774 2842 2073 2909 delictum
2116 2860 2289 2909 eom-

253 2958 521 3026 missum
549 2958 972 3043 pertinebant,
1009 2958 1343 3041 diligenter
1374 2958 1663 3043 inspecta
1692 2978 1831 3028 esse
1862 2958 2083 3023 elucet.
2154 2956 2285 3026 Me·-

255 3074 626 3143 mmandum
676 3078 792 3157 est,
839 3072 1005 3145 libre
1047 3073 1240 3142 Distt.
1277 3073 1384 3157 IV,
1432 3094 1483 3139 e.
1518 3076 1583 3156 6.,
1630 3073 1776 3139 dist.
1810 3076 1851 3139 6
1901 3072 2098 3139 aeteri
2142 3092 2287 3157 per-

253 3190 519 3256 missum
567 3210 724 3273 esse,
770 3193 844 3255 ut
887 3189 1098 3257 eaedis
1143 3194 1463 3257 auctorem
1490 3188 1744 3273 feretm,
1793 3209 1915 3273 quo
1947 3189 2187 3255 occisus
2216 3188 2287 3257 in

244 3304 554 3388 judicium
601 3304 994 3389 portabatur,
1041 3304 1415 3377 adstrictum
1460 3309 1815 3379 accusaret:

365 3506 406 3569 ι)
444 3510 656 3573 quaest.
687 3505 872 3575 Magd.
907 3506 950 3575 Ι,
987 3508 1038 3574 2,
1076 3508 1127 3561 2.
1201 3504 1352 3561 Sent.
1392 3504 1554 3574 Seab.
1592 3522 1741 3561 num.
1767 3504 1871 3560 207
1911 3503 2281 3572 (Wasserseh-

252 3596 414 3656 leben
451 3617 505 3670 p.
541 3602 680 3669 105).
717 3639 720 3642 -
759 3600 764 3603 ’
949 3599 956 3607 “

359 3698 404 3765 ²)
444 3696 517 3752 cf.
553 3699 657 3755 Jus
700 3714 859 3767 prov.
897 3697 1144 3754 Rhenan.
1185 3700 1456 3768 (Bodman
1502 3716 1557 3768 p.
1579 3701 1735 3767 627):
1782 3697 1934 3769 „und
1978 3714 2109 3768 mag
2152 3712 2281 3753 man

253 3794 426 3849 darna
461 3794 763 3851 denselben
798 3795 980 3851 deden
1020 3813 1144 3851 man
1181 3797 1463 3867 begraben
1500 3797 1615 3851 und
1653 3797 1755 3851 mit
1793 3796 1892 3851 der
1926 3796 2109 3851 deden
2144 3795 2282 3851 hant

253 3892 466 3962 elagen,
501 3892 649 3963 glieh
689 3893 770 3948 als
804 3893 904 3948 der
937 3910 1156 3963 ganzo
1190 3894 1393 3952 ucham
1431 3894 1533 3952 dar
1566 3893 1896 3963 geinwortig
1928 3892 2091 3949 wer.“

1876 3992 1960 4043 3*
