2771 4718
1304 315 1348 378 ’7

309 487 420 574 qni
462 489 530 555 in
567 489 877 574 judicium
908 489 1126 556 venire
1166 487 1384 574 ibique
1414 507 1669 556 causam
1702 490 2035 560 defendere
2062 497 2333 563 recusat.

303 604 490 683 Quod
539 606 818 672 maxime
871 603 1338 672 demonstratur
1372 606 1521 688 jure
1564 621 1744 693 prov,
1788 605 1935 672 Sax.
1978 603 2065 690 Π,
2109 611 2227 692 36,
2270 611 2334 692 2,

305 720 416 786 nbi
463 739 606 786 eum
653 721 762 805 qui
807 721 884 786 de
928 741 1000 786 re
1041 721 1280 786 furtiva
1307 721 1479 806 apud
1508 741 1577 786 se
1608 717 1999 808 deprehensa
2024 715 2335 789 rationem

305 831 572 902 reddere
615 852 952 920 coramque
987 835 1202 919 judice
1248 855 1316 902 se
1361 852 1633 922 purgare
1677 837 1857 921 nolit,
1904 857 2021 924 pro
2052 838 2204 904 *fure
2236 838 2335 904 fu-

302 951 518 1034 giente
560 950 919 1018 habendum
965 971 1102 1018 esse
1147 951 1409 1016 dicitur:

341 1067 348 1072 '
444 1067 786 1150 „weigeret
825 1066 906 1134 he
951 1066 1082 1150 des,
1129 1067 1210 1132 he
1254 1065 1485 1147 (actor)
1526 1066 1689 1131 serie
1733 1066 1837 1132 ine
1883 1066 1995 1134 dat
2038 1067 2335 1151 geriichte

307 1201 388 1248 an
431 1181 600 1248 unde
641 1182 824 1268 gripe
857 1183 928 1248 in
959 1201 1040 1248 an
1069 1201 1186 1248 vor
1215 1181 1396 1247 sinen
1426 1172 1573 1264 dies,
1624 1180 1755 1246 also
1788 1181 1857 1248 of
1881 1182 1983 1248 die
2013 1182 2125 1248 dat
2151 1183 2335 1262 hant-

303 1297 444 1364 haft
485 1297 572 1380 si,
628 1298 846 1364 wende
891 1297 972 1363 he
1017 1297 1120 1363 sik
1165 1292 1447 1362 sculdich
1492 1296 1679 1362 hevet
1722 1295 2019 1379 gemaket
2059 1298 2180 1364 mit
2224 1298 2335 1364 der

301 1410 580 1478 vlucht.“
2284 1436 2291 1447 ·

425 1527 604 1596 *Eum
651 1545 918 1611 qnoque,
964 1527 1076 1611 qui
1117 1527 1188 1592 in
1223 1525 1533 1611 judicium
1546 1613 1551 1616 Ι
1564 1530 1825 1591 vocatus
1867 1526 2091 1593 adesse
2132 1526 2337 1594 noluit

300 1661 570 1728 eamque
613 1642 694 1709 ob
740 1661 996 1708 causam
1039 1642 1250 1708 banno
1294 1638 1807 1727 proscribebatur
1820 1691 1841 1724 ,
1888 1661 2009 1728 pro
2051 1643 2333 1725 fugiente

301 1758 661 1824 habendum
707 1775 846 1824 esse
889 1762 1134 1824 veteres
1181 1756 1539 1838 censebant,
1588 1775 1749 1840 quae
1790 1775 1892 1821 res
1940 1776 2012 1821 eo
2057 1757 2335 1823 maxime

300 1873 696 1957 intelligitur,
743 1872 912 1958 quod
957 1873 1012 1938 si
1051 1873 1200 1958 quis
1245 1872 1320 1937 in·
1359 1871 1567 1936 banno
1616 1875 1753 1936 erat
1797 1871 2223 1956 deprehensus
2270 1877 2337 1938 et

299 1989 368 2054 in
405 1987 715 2073 judicium
759 1993 1020 2072 tractus,
1067 1983 1262 2054 simili
1305 1983 1493 2052 modo
1540 1986 1620 2052 de
1664 2006 1737 2052 eo
1776 1984 2178 2070 judicabatur
2191 2006 2227 2071 ,⁸
2259 2007 2334 2054 ac

298 2105 356 2170 si
401 2105 470 2170 in
515 2103 742 2172 delicto
785 2106 928 2192 ipso
973 2105 1205 2188 fugave
1234 2099 1447 2171 delicti
1487 2105 1708 2186 captus
1741 2107 1923 2166 esset.
2003 2101 2179 2180 Quod
2212 2103 2331 2168 mi-

299 2237 442 2288 rum
486 2217 615 2286 non
659 2226 784 2302 est3
844 2219 1142 2305 quoniam
1197 2235 1268 2283 re
1310 2231 1493 2282 vera·
1518 2215 1687 2281 hand
1731 2215 2000 2282 multum
2043 2216 2329 2302 interest,

299 2355 454 2404 num
494 2337 554 2403 is
599 2337 711 2423 qui
755 2328 958 2406 scelus
995 2327 1330 2416 commisit,
1375 2332 1846 2417 insequentium
1876 2332 2005 2398 vim
2038 2351 2121 2398 an
2156 2332 2329 2417 Judi-

300 2452 390 2519 cis
438 2454 878 2519 auctoritatem
927 2450 1230 2534 effugiat3·
1269 2468 1419 2514 nam
1480 2448 1548 2513 in
1605 2452 1871 2533 utroque
1927 2468 2077 2514 casu
2130 2449 2209 2517 de
2254 2469 2327 2515 eo

287 2568 635 2635 dicendum
679 2574 780 2634 est
824 2562 1214 2654 Garpzovii²)
1257 2560 1450 2629 illud:
1580 2592 1585 2597 ·

435 2678 754 2767 „Fugiens
786 2683 1098 2767 judicium
1142 2680 1397 2747 videtur
1438 2677 1517 2744 de
1554 2678 1809 2762 justitia
1834 2678 1937 2744 vel
1966 2679 2329 2745 innocentia

295 2816 418 2865 sua.
459 2795 806 2865 diffidere.“
1613 2796 1621 2802 ’
2102 2804 2107 2811 “

431 2912 750 3000 Imprimis
797 2918 1007 2979 autem
1052 2910 1479 2977 necessarium
1525 2913 1640 2992 est,
1688 2928 1831 2973 eum
1874 2908 1983 2993 qui
2027 2907 2325 2974 delictum

297 3029 645 3112 commisit,
699 3029 766 3095 in
811 3028 1088 3096 facinore
1132 3024 1555 3113 perpetrando
1599 3043 1729 3089 non
1774 3023 1977 3089 solum
2024 3023 2322 3108 conspici,

297 3145 410 3211 sed
453 3146 646 3215 etiam
692 3142 1076 3230 deprehendi
1121 3162 1194 3207 ac
1239 3140 1501 3207 retineri
1512 3164 1536 3217 ;
1583 3158 1777 3224 quare
1821 3139 1888 3204 in
1930 3137 2147 3204 multis
2194 3142 2322 3203 sta-

293 3261 450 3327 tutis
497 3260 578 3326 ad
621 3259 815 3326 verba
863 3304 896 3343 „
915 3276 1062 3324 svar
1119 3276 1269 3323 man
1325 3271 1488 3322 enen
1546 3272 1697 3319 man
1740 3253 1861 3319 mit
1904 3253 2015 3319 der
2060 3253 2172 3318 dat
2213 3254 2321 3319 be-

295 3370 508 3463 gript“
559 3376 748 3442 etiam
793 3372 906 3440 illa
937 3372 1182 3457 adjecta
1213 3375 1362 3447 sunt
1409 3369 1617 3453 „unde
1649 3388 1727 3436 en
1773 3388 2177 3452 gevangen
2206 3387 2320 3435 vor

295 3491 538 3577 gericht
589 3486 834 3557 vuret.“
906 3488 1072 3555 Nam
1129 3487 1184 3553 si
1241 3482 1459 3568 effugit
1502 3504 1677 3569 reus,
1735 3475 1948 3550 delicti
2002 3482 2321 3549 manifesti

293 3606 478 3691 argui
499 3684 502 3689 ¹
520 3626 647 3675 non
691 3609 920 3705 potest,
966 3624 1160 3689 quum
1204 3602 1524 3693 delictum,
1574 3598 1739 3687 quod
1770 3619 1843 3666 eo
1876 3598 2137 3689 quidem,
2158 3603 2319 3665 tem-

403 3854 446 3919 ι)
481 3850 663 3905 Pract.
689 3864 794 3907 rer.
820 3848 978 3905 crim.
1015 3847 1114 3918 ΙΙΙ,
1150 3862 1245 3918 qn.
1274 3846 1380 3903 126
1412 3862 1563 3901 num.
1590 3846 1677 3901 75.
