2771 4718
1235 386 1318 448 67

279 566 472 628 testes
540 562 828 648 probatio
883 561 1100 646 fiebat,
1170 561 1381 627 delicti
1436 562 1699 646 vestigia
1750 583 1877 627 non
1932 561 2283 629 desiderata

276 698 412 744 esse
457 677 758 744 videmus.
839 678 986 745 Jam
1031 683 1270 745 statuta
1311 677 1764 762 Goslariensia,
1812 698 1989 763 quae,
2034 678 2157 744 nisi
2204 678 2282 743 de

154 826 159 831 ·
275 814 348 859 eo
405 793 629 860 delicto
690 794 854 878 quod
909 794 1140 860 dicitur
1187 844 1220 877 ,‚
1240 794 1768 877 anverdighinghe
1785 792 1817 827 “
1871 795 2108 877 agitur,
2168 814 2280 879 per
2379 819 2386 826 ·

275 914 466 975 testes
509 910 941 995 probationem
986 908 1122 975 fieri
1166 909 1408 993 nolunt,
1453 930 1577 975 uno
1622 910 1758 976 loco
1806 911 1891 997 (p.
1925 912 2029 991 34,
2062 910 2127 991 5)
2169 930 2277 975 ve-

275 1026 462 1109 stigia
527 1024 739 1091 delicti
803 1026 870 1091 in
929 1024 1298 1112 probatione
1353 1026 1539 1113 plane
1595 1026 1912 1093 remisisse
1967 1026 2277 1109 videntur,

276 1162 651 1227 quamquam
697 1148 761 1208 et
801 1142 927 1207 illis
975 1142 1124 1208 solis
1168 1162 1346 1208 reum
1392 1142 1793 1208 condemnari
1831 1162 2016 1228 posse
2045 1141 2279 1209 ibidem

273 1258 654 1325 declaratur:

409 1373 574 1457 „Det
619 1394 697 1438 en
744 1393 857 1439 ene
887 1372 1272 1439 vredebrake
1304 1393 1384 1438 an
1414 1350 1685 1439 wanden
1714 1374 1864 1439 oder
1894 1393 1973 1438 an
2006 1373 2279 1439 anderen

277 1489 544 1572 dinghen
588 1493 746 1554 wert
801 1488 878 1554 de
925 1488 1313 1574 upgeholden
1357 1489 1427 1553 in
1470 1489 1933 1573 hanthaftigher
1977 1489 2113 1572 dat,
2170 1489 2281 1555 dat

277 1604 444 1670 trid
427 1623 554 1670 ime
585 1625 664 1669 an
696 1604 815 1670 den
846 1603 1003 1688 hals,
1050 1604 1214 1669 unde
1243 1624 1325 1695 ne
1353 1604 1535 1671 mach
1566 1605 1674 1671 des
1706 1606 1880 1671 nicht
1907 1604 2279 1689 unschuldig

271 1720 555 1806 werden,
604 1718 673 1785 of
710 1740 855 1789 men
901 1720 978 1786 de
1023 1686 1407 1805 vredebrake
1451 1720 1784 1805 bew'isen
1830 1720 2011 1787 oder
2054 1720 2279 1787 betu-

271 1834 467 1921 ghen
510 1834 692 1914 mach
739 1834 868 1901 also
913 1835 1093 1902 recht
1135 1834 1256 1901 is.“

383 1924 533 2023 Sed
601 1955 976 2021 statutorum
1035 1950 1527 2024 Goslarionsium
1581 1952 2015 2038 probationem
2070 1952 2147 2021 ab
2206 1973 2282 2022 ea

263 2068 430 2151 juris
463 2066 760 2133 saxonici
792 2067 928 2151 jam
973 2065 1255 2153 paullum
1301 2066 1551 2134 differre
1587 2072 1651 2133 e‘t
1677 2069 1841 2135 inter
1869 2070 2279 2135 recentiorem

271 2186 458 2267 atque
505 2176 776 2249 veterem
821 2180 1131 2268 probandi
1177 2184 1485 2249 rationem
1531 2181 1710 2269 quasi
1750 2178 2047 2250 medium'
2070 2184 2278 2251 locum

275 2302 483 2364 tenere
525 2298 988 2384 respiciendum
1035 2302 1160 2384 est,
1221 2304 1291 2366 ut
1335 2320 1419 2366 ex.
1460 2296 1710 2384 egregia
1755 2296 2122 2368 Goeschenii
2166 2300 2274 2368 de-

273 2414 609 2504 scriptione
655 2413 740 2500 (p.
774 2412 1170 2497 505—512)
1215 2421 1410 2502 patet.
2144 2393 2149 2400 ¹
