<?xml version="1.0" encoding="UTF-8"?>
<!DOCTYPE html PUBLIC "-//W3C//DTD XHTML 1.0 Transitional//EN"
    "http://www.w3.org/TR/xhtml1/DTD/xhtml1-transitional.dtd">
<html xmlns="http://www.w3.org/1999/xhtml" xml:lang="en" lang="en">
 <head>
  <title>
</title>
<meta http-equiv="Content-Type" content="text/html;charset=utf-8" />
  <meta name='ocr-system' content='tesseract 3.04.00' />
  <meta name='ocr-capabilities' content='ocr_page ocr_carea ocr_par ocr_line ocrx_word'/>
</head>
<body>
  <div class='ocr_page' id='page_1' title='image "./dedelictomanife00eschgoog_0053.png"; bbox 0 0 2771 4718; ppageno 0'>
   <div class='ocr_carea' id='block_1_1' title="bbox 1249 331 1334 392">
    <p class='ocr_par' dir='ltr' id='par_1_1' title="bbox 1249 331 1334 392">
     <span class='ocr_line' id='line_1_1' title="bbox 1249 331 1334 392; baseline 0 0"><span class='ocrx_word' id='word_1_1' title='bbox 1249 331 1334 392; x_wconf 81' lang='lat'><strong>47</strong></span> 
     </span>
    </p>
   </div>
   <div class='ocr_carea' id='block_1_2' title="bbox 1121 416 1443 424">
    <p class='ocr_par' dir='ltr' id='par_1_2' title="bbox 1121 416 1443 424">
     <span class='ocr_line' id='line_1_2' title="bbox 1121 416 1443 424; baseline 0 4294"><span class='ocrx_word' id='word_1_2' title='bbox 1121 416 1443 424; x_wconf 95' lang='lat' dir='ltr'><strong> </strong></span> 
     </span>
    </p>
   </div>
   <div class='ocr_carea' id='block_1_3' title="bbox 255 502 2299 3700">
    <p class='ocr_par' dir='ltr' id='par_1_3' title="bbox 255 502 2293 821">
     <span class='ocr_line' id='line_1_3' title="bbox 255 502 2293 592; baseline 0 -21"><span class='ocrx_word' id='word_1_3' title='bbox 255 503 584 589; x_wconf 84' lang='lat' dir='ltr'><strong>probando</strong></span> <span class='ocrx_word' id='word_1_4' title='bbox 637 502 818 574; x_wconf 86' lang='lat' dir='ltr'><strong>illum</strong></span> <span class='ocrx_word' id='word_1_5' title='bbox 873 504 1266 584; x_wconf 78' lang='lat' dir='ltr'><strong>commisisse</strong></span> <span class='ocrx_word' id='word_1_6' title='bbox 1313 504 1387 569; x_wconf 83' lang='lat' dir='ltr'><strong>id</strong></span> <span class='ocrx_word' id='word_1_7' title='bbox 1439 503 1737 576; x_wconf 86' lang='lat' dir='ltr'><strong>delictum</strong></span> <span class='ocrx_word' id='word_1_8' title='bbox 1781 505 1849 572; x_wconf 89' lang='lat' dir='ltr'><strong>in</strong></span> <span class='ocrx_word' id='word_1_9' title='bbox 1896 525 2017 590; x_wconf 90' lang='lat' dir='ltr'><strong>quo</strong></span> <span class='ocrx_word' id='word_1_10' title='bbox 2064 521 2293 592; x_wconf 82' lang='lat' dir='ltr'><strong>perpe-</strong></span> 
     </span>
     <span class='ocr_line' id='line_1_4' title="bbox 255 618 2293 702; baseline 0.003 -18"><span class='ocrx_word' id='word_1_11' title='bbox 255 618 485 686; x_wconf 85' lang='lat' dir='ltr'><strong>trando</strong></span> <span class='ocrx_word' id='word_1_12' title='bbox 531 618 772 687; x_wconf 84' lang='lat' dir='ltr'><strong>occisus</strong></span> <span class='ocrx_word' id='word_1_13' title='bbox 817 625 1004 702; x_wconf 80' lang='lat' dir='ltr'><strong>esset,</strong></span> <span class='ocrx_word' id='word_1_14' title='bbox 1051 618 1242 686; x_wconf 83' lang='lat' dir='ltr'><strong>simul</strong></span> <span class='ocrx_word' id='word_1_15' title='bbox 1285 639 1354 684; x_wconf 84' lang='lat' dir='ltr'><strong>se</strong></span> <span class='ocrx_word' id='word_1_16' title='bbox 1390 619 1537 702; x_wconf 87' lang='lat' dir='ltr'><strong>jure</strong></span> <span class='ocrx_word' id='word_1_17' title='bbox 1570 639 1714 688; x_wconf 87' lang='lat' dir='ltr'><strong>eum</strong></span> <span class='ocrx_word' id='word_1_18' title='bbox 1746 620 2051 690; x_wconf 80' lang='lat' dir='ltr'><strong>occidisse</strong></span> <span class='ocrx_word' id='word_1_19' title='bbox 2082 626 2293 690; x_wconf 86' lang='lat' dir='ltr'><strong>osten-</strong></span> 
     </span>
     <span class='ocr_line' id='line_1_5' title="bbox 257 732 1835 821; baseline 0.003 -22"><span class='ocrx_word' id='word_1_20' title='bbox 257 732 468 799; x_wconf 85' lang='lat' dir='ltr'><strong>debat.</strong></span> <span class='ocrx_word' id='word_1_21' title='bbox 536 732 634 800; x_wconf 88' lang='lat' dir='ltr'><strong>De</strong></span> <span class='ocrx_word' id='word_1_22' title='bbox 681 753 804 818; x_wconf 90' lang='lat' dir='ltr'><strong>quo</strong></span> <span class='ocrx_word' id='word_1_23' title='bbox 849 738 1074 819; x_wconf 84' lang='lat' dir='ltr'><strong>postea</strong></span> <span class='ocrx_word' id='word_1_24' title='bbox 1115 733 1306 801; x_wconf 77' lang='lat' dir='ltr'><strong>latius</strong></span> <span class='ocrx_word' id='word_1_25' title='bbox 1350 735 1835 821; x_wconf 69' lang='lat' dir='ltr'><strong>disputabimus,</strong></span> 
     </span>
    </p>

    <p class='ocr_par' dir='ltr' id='par_1_4' title="bbox 255 846 2297 2071">
     <span class='ocr_line' id='line_1_6' title="bbox 321 846 2295 943; baseline 0.003 -31"><span class='ocrx_word' id='word_1_26' title='bbox 321 937 329 943; x_wconf 29' lang='lat'><strong>·</strong></span> <span class='ocrx_word' id='word_1_27' title='bbox 397 846 512 916; x_wconf 86' lang='lat' dir='ltr'><strong>Sin</strong></span> <span class='ocrx_word' id='word_1_28' title='bbox 554 868 704 914; x_wconf 86' lang='lat' dir='ltr'><strong>vero</strong></span> <span class='ocrx_word' id='word_1_29' title='bbox 749 849 825 932; x_wconf 80' lang='lat' dir='ltr'><strong>ie,</strong></span> <span class='ocrx_word' id='word_1_30' title='bbox 873 849 984 933; x_wconf 88' lang='lat' dir='ltr'><strong>qui</strong></span> <span class='ocrx_word' id='word_1_31' title='bbox 1029 849 1223 916; x_wconf 90' lang='lat' dir='ltr'><strong>alium</strong></span> <span class='ocrx_word' id='word_1_32' title='bbox 1269 850 1336 916; x_wconf 84' lang='lat' dir='ltr'><strong>vi</strong></span> <span class='ocrx_word' id='word_1_33' title='bbox 1365 855 1617 921; x_wconf 80' lang='lat' dir='ltr'><strong>coactus</strong></span> <span class='ocrx_word' id='word_1_34' title='bbox 1651 851 1983 935; x_wconf 79' lang='lat' dir='ltr'><strong>occiderat,</strong></span> <span class='ocrx_word' id='word_1_35' title='bbox 2032 871 2295 938; x_wconf 85' lang='lat' dir='ltr'><strong>corpore</strong></span> 
     </span>
     <span class='ocr_line' id='line_1_7' title="bbox 255 963 2295 1053; baseline 0.003 -25"><span class='ocrx_word' id='word_1_36' title='bbox 255 963 480 1031; x_wconf 84' lang='lat' dir='ltr'><strong>relicto</strong></span> <span class='ocrx_word' id='word_1_37' title='bbox 523 982 650 1029; x_wconf 90' lang='lat' dir='ltr'><strong>non</strong></span> <span class='ocrx_word' id='word_1_38' title='bbox 699 963 781 1030; x_wconf 90' lang='lat' dir='ltr'><strong>ad</strong></span> <span class='ocrx_word' id='word_1_39' title='bbox 815 963 1124 1047; x_wconf 88' lang='lat' dir='ltr'><strong>judicium</strong></span> <span class='ocrx_word' id='word_1_40' title='bbox 1172 971 1433 1032; x_wconf 87' lang='lat' dir='ltr'><strong>venerat</strong></span> <span class='ocrx_word' id='word_1_41' title='bbox 1468 967 1581 1032; x_wconf 80' lang='lat' dir='ltr'><strong>sed</strong></span> <span class='ocrx_word' id='word_1_42' title='bbox 1610 965 1933 1050; x_wconf 85' lang='lat' dir='ltr'><strong>effugerat,</strong></span> <span class='ocrx_word' id='word_1_43' title='bbox 1982 968 2043 1034; x_wconf 91' lang='lat' dir='ltr'><strong>ei</strong></span> <span class='ocrx_word' id='word_1_44' title='bbox 2070 969 2295 1053; x_wconf 87' lang='lat' dir='ltr'><strong>depre-</strong></span> 
     </span>
     <span class='ocr_line' id='line_1_8' title="bbox 259 1077 2293 1166; baseline 0.002 -22"><span class='ocrx_word' id='word_1_45' title='bbox 259 1077 456 1147; x_wconf 77' lang='lat' dir='ltr'><strong>henso</strong></span> <span class='ocrx_word' id='word_1_46' title='bbox 514 1082 579 1143; x_wconf 91' lang='lat' dir='ltr'><strong>et</strong></span> <span class='ocrx_word' id='word_1_47' title='bbox 631 1078 712 1146; x_wconf 87' lang='lat' dir='ltr'><strong>ab</strong></span> <span class='ocrx_word' id='word_1_48' title='bbox 759 1078 882 1149; x_wconf 87' lang='lat' dir='ltr'><strong>alio</strong></span> <span class='ocrx_word' id='word_1_49' title='bbox 929 1086 1222 1148; x_wconf 85' lang='lat' dir='ltr'><strong>accusato</strong></span> <span class='ocrx_word' id='word_1_50' title='bbox 1267 1081 1427 1146; x_wconf 87' lang='lat' dir='ltr'>nihil</span> <span class='ocrx_word' id='word_1_51' title='bbox 1472 1081 1643 1148; x_wconf 84' lang='lat' dir='ltr'><strong>aliud</strong></span> <span class='ocrx_word' id='word_1_52' title='bbox 1687 1081 2161 1166; x_wconf 78' lang='lat' dir='ltr'><strong>relinquebatur</strong></span> <span class='ocrx_word' id='word_1_53' title='bbox 2208 1117 2293 1130; x_wconf 78' lang='lat'><strong>——</strong></span> 
     </span>
     <span class='ocr_line' id='line_1_9' title="bbox 262 1193 2293 1284; baseline 0 -24"><span class='ocrx_word' id='word_1_54' title='bbox 262 1213 456 1277; x_wconf 88' lang='lat' dir='ltr'><strong>quum</strong></span> <span class='ocrx_word' id='word_1_55' title='bbox 515 1193 849 1277; x_wconf 84' lang='lat' dir='ltr'><strong>quominus</strong></span> <span class='ocrx_word' id='word_1_56' title='bbox 894 1194 1258 1277; x_wconf 86' lang='lat' dir='ltr'><strong>juramento</strong></span> <span class='ocrx_word' id='word_1_57' title='bbox 1323 1217 1393 1262; x_wconf 83' lang='lat' dir='ltr'><strong>se</strong></span> <span class='ocrx_word' id='word_1_58' title='bbox 1450 1202 1750 1282; x_wconf 81' lang='lat' dir='ltr'><strong>purgaret</strong></span> <span class='ocrx_word' id='word_1_59' title='bbox 1800 1197 2242 1284; x_wconf 83' lang='lat' dir='ltr'><strong>prohiberetur</strong></span> <span class='ocrx_word' id='word_1_60' title='bbox 2254 1195 2293 1278; x_wconf 85' lang='lat'><strong>¹)</strong></span> 
     </span>
     <span class='ocr_line' id='line_1_10' title="bbox 264 1306 2297 1396; baseline 0.001 -23"><span class='ocrx_word' id='word_1_61' title='bbox 264 1344 348 1353; x_wconf 94' lang='lat'><strong>—</strong></span> <span class='ocrx_word' id='word_1_62' title='bbox 397 1328 587 1392; x_wconf 89' lang='lat' dir='ltr'><strong>quam</strong></span> <span class='ocrx_word' id='word_1_63' title='bbox 630 1314 703 1375; x_wconf 89' lang='lat' dir='ltr'><strong>ut</strong></span> <span class='ocrx_word' id='word_1_64' title='bbox 745 1306 1106 1396; x_wconf 77' lang='lat' dir='ltr'><strong>inculpatae</strong></span> <span class='ocrx_word' id='word_1_65' title='bbox 1149 1311 1384 1378; x_wconf 79' lang='lat' dir='ltr'><strong>tutelae</strong></span> <span class='ocrx_word' id='word_1_66' title='bbox 1432 1311 1861 1380; x_wconf 81' lang='lat' dir='ltr'><strong>moderamine</strong></span> <span class='ocrx_word' id='word_1_67' title='bbox 1902 1331 1970 1378; x_wconf 86' lang='lat' dir='ltr'><strong>se</strong></span> <span class='ocrx_word' id='word_1_68' title='bbox 2012 1311 2145 1376; x_wconf 85' lang='lat' dir='ltr'><strong>vim</strong></span> <span class='ocrx_word' id='word_1_69' title='bbox 2172 1310 2297 1377; x_wconf 83' lang='lat' dir='ltr'><strong>sibi</strong></span> 
     </span>
     <span class='ocr_line' id='line_1_11' title="bbox 259 1423 2294 1512; baseline -0.002 -18"><span class='ocrx_word' id='word_1_70' title='bbox 259 1423 494 1494; x_wconf 77' lang='lat' dir='ltr'><strong>factam</strong></span> <span class='ocrx_word' id='word_1_71' title='bbox 537 1423 846 1509; x_wconf 77' lang='lat' dir='ltr'><strong>repulisse</strong></span> <span class='ocrx_word' id='word_1_72' title='bbox 890 1427 1232 1495; x_wconf 77' lang='lat' dir='ltr'><strong>certamine</strong></span> <span class='ocrx_word' id='word_1_73' title='bbox 1261 1427 1588 1512; x_wconf 87' lang='lat' dir='ltr'><strong>probaret:</strong></span> <span class='ocrx_word' id='word_1_74' title='bbox 1638 1425 1805 1510; x_wconf 89' lang='lat' dir='ltr'><strong>quod</strong></span> <span class='ocrx_word' id='word_1_75' title='bbox 1836 1425 1893 1491; x_wconf 82' lang='lat' dir='ltr'><strong>si</strong></span> <span class='ocrx_word' id='word_1_76' title='bbox 1923 1445 2041 1492; x_wconf 83' lang='lat' dir='ltr'><strong>sua</strong></span> <span class='ocrx_word' id='word_1_77' title='bbox 2069 1430 2294 1510; x_wconf 81' lang='lat' dir='ltr'><strong>sponte</strong></span> 
     </span>
     <span class='ocr_line' id='line_1_12' title="bbox 263 1538 2295 1625; baseline 0.001 -21"><span class='ocrx_word' id='word_1_78' title='bbox 263 1538 344 1604; x_wconf 91' lang='lat' dir='ltr'><strong>ad</strong></span> <span class='ocrx_word' id='word_1_79' title='bbox 391 1538 701 1622; x_wconf 89' lang='lat' dir='ltr'><strong>judicium</strong></span> <span class='ocrx_word' id='word_1_80' title='bbox 745 1540 1055 1624; x_wconf 79' lang='lat' dir='ltr'><strong>venisset,</strong></span> <span class='ocrx_word' id='word_1_81' title='bbox 1103 1541 1517 1625; x_wconf 76' lang='lat' dir='ltr'><strong>jurejurando</strong></span> <span class='ocrx_word' id='word_1_82' title='bbox 1564 1561 1731 1618; x_wconf 60' lang='lat' dir='ltr'><strong>cum,</strong></span> <span class='ocrx_word' id='word_1_83' title='bbox 1754 1561 1867 1608; x_wconf 81' lang='lat' dir='ltr'><strong>sex</strong></span> <span class='ocrx_word' id='word_1_84' title='bbox 1913 1540 2100 1609; x_wconf 77' lang='lat' dir='ltr'><strong>sociis</strong></span> <span class='ocrx_word' id='word_1_85' title='bbox 2148 1540 2295 1618; x_wconf 81' lang='lat' dir='ltr'><strong>dato</strong></span> 
     </span>
     <span class='ocr_line' id='line_1_13' title="bbox 259 1647 2295 1740; baseline 0 -20"><span class='ocrx_word' id='word_1_86' title='bbox 259 1653 508 1721; x_wconf 82' lang='lat' dir='ltr'><strong>facilius</strong></span> <span class='ocrx_word' id='word_1_87' title='bbox 575 1655 1044 1740; x_wconf 74' lang='lat' dir='ltr'><strong>comprobasset</strong></span> <span class='ocrx_word' id='word_1_88' title='bbox 1056 1652 1123 1738; x_wconf 82' lang='lat'><strong>²).</strong></span> <span class='ocrx_word' id='word_1_89' title='bbox 1215 1655 1372 1724; x_wconf 82' lang='lat' dir='ltr'><strong>Jure</strong></span> <span class='ocrx_word' id='word_1_90' title='bbox 1440 1661 1649 1724; x_wconf 86' lang='lat' dir='ltr'><strong>autem</strong></span> <span class='ocrx_word' id='word_1_91' title='bbox 1719 1647 1930 1724; x_wconf 84' lang='lat' dir='ltr'><strong>vetere</strong></span> <span class='ocrx_word' id='word_1_92' title='bbox 1987 1654 2295 1738; x_wconf 82' lang='lat' dir='ltr'><strong>Pragenei</strong></span> 
     </span>
     <span class='ocr_line' id='line_1_14' title="bbox 265 1769 2291 1857; baseline 0.001 -23"><span class='ocrx_word' id='word_1_93' title='bbox 265 1789 322 1834; x_wconf 86' lang='lat' dir='ltr'><strong>a.</strong></span> <span class='ocrx_word' id='word_1_94' title='bbox 360 1771 528 1835; x_wconf 80' lang='lat'>1269</span> <span class='ocrx_word' id='word_1_95' title='bbox 575 1773 692 1836; x_wconf 85' lang='lat' dir='ltr'><strong>art.</strong></span> <span class='ocrx_word' id='word_1_96' title='bbox 733 1771 812 1836; x_wconf 87' lang='lat'><strong>16</strong></span> <span class='ocrx_word' id='word_1_97' title='bbox 859 1770 1149 1852; x_wconf 75' lang='lat' dir='ltr'><strong>(Rossler</strong></span> <span class='ocrx_word' id='word_1_98' title='bbox 1192 1792 1255 1857; x_wconf 92' lang='lat' dir='ltr'><strong>p.</strong></span> <span class='ocrx_word' id='word_1_99' title='bbox 1289 1773 1401 1853; x_wconf 83' lang='lat' dir='ltr'><strong>x1)</strong></span> <span class='ocrx_word' id='word_1_100' title='bbox 1448 1772 1639 1840; x_wconf 83' lang='lat' dir='ltr'><strong>etiam</strong></span> <span class='ocrx_word' id='word_1_101' title='bbox 1681 1771 1753 1838; x_wconf 86' lang='lat' dir='ltr'><strong>in</strong></span> <span class='ocrx_word' id='word_1_102' title='bbox 1796 1769 2090 1854; x_wconf 80' lang='lat' dir='ltr'><strong>flagranti</strong></span> <span class='ocrx_word' id='word_1_103' title='bbox 2134 1770 2291 1837; x_wconf 86' lang='lat' dir='ltr'><strong>faei-</strong></span> 
     </span>
     <span class='ocr_line' id='line_1_15' title="bbox 262 1884 2293 1972; baseline 0.001 -22"><span class='ocrx_word' id='word_1_104' title='bbox 262 1905 416 1950; x_wconf 84' lang='lat' dir='ltr'><strong>nore</strong></span> <span class='ocrx_word' id='word_1_105' title='bbox 459 1884 848 1971; x_wconf 83' lang='lat' dir='ltr'><strong>deprehenso</strong></span> <span class='ocrx_word' id='word_1_106' title='bbox 883 1886 1103 1969; x_wconf 84' lang='lat' dir='ltr'><strong>jurare</strong></span> <span class='ocrx_word' id='word_1_107' title='bbox 1146 1887 1375 1954; x_wconf 87' lang='lat' dir='ltr'><strong>licebat</strong></span> <span class='ocrx_word' id='word_1_108' title='bbox 1388 1937 1409 1972; x_wconf 91' lang='lat'>‚</span> <span class='ocrx_word' id='word_1_109' title='bbox 1464 1905 1533 1954; x_wconf 81' lang='lat' dir='ltr'><strong>se</strong></span> <span class='ocrx_word' id='word_1_110' title='bbox 1576 1887 1643 1954; x_wconf 85' lang='lat' dir='ltr'><strong>vi</strong></span> <span class='ocrx_word' id='word_1_111' title='bbox 1688 1891 1973 1954; x_wconf 87' lang='lat' dir='ltr'><strong>coactum</strong></span> <span class='ocrx_word' id='word_1_112' title='bbox 2022 1884 2293 1952; x_wconf 86' lang='lat' dir='ltr'><strong>alterum</strong></span> 
     </span>
     <span class='ocr_line' id='line_1_16' title="bbox 263 2000 598 2071; baseline 0.006 -6"><span class='ocrx_word' id='word_1_113' title='bbox 263 2000 598 2071; x_wconf 79' lang='lat' dir='ltr'><strong>occidisse:</strong></span> 
     </span>
    </p>

    <p class='ocr_par' dir='ltr' id='par_1_5' title="bbox 263 2115 2299 2549">
     <span class='ocr_line' id='line_1_17' title="bbox 400 2115 2297 2200; baseline 0.002 -19"><span class='ocrx_word' id='word_1_114' title='bbox 400 2115 578 2200; x_wconf 81' lang='lat' dir='ltr'><strong>„Vuo</strong></span> <span class='ocrx_word' id='word_1_115' title='bbox 626 2117 727 2183; x_wconf 89' lang='lat' dir='ltr'><strong>ein</strong></span> <span class='ocrx_word' id='word_1_116' title='bbox 772 2135 920 2181; x_wconf 88' lang='lat' dir='ltr'><strong>man</strong></span> <span class='ocrx_word' id='word_1_117' title='bbox 966 2116 1087 2183; x_wconf 88' lang='lat' dir='ltr'><strong>den</strong></span> <span class='ocrx_word' id='word_1_118' title='bbox 1135 2116 1371 2182; x_wconf 88' lang='lat' dir='ltr'><strong>andern</strong></span> <span class='ocrx_word' id='word_1_119' title='bbox 1420 2136 1536 2183; x_wconf 91' lang='lat' dir='ltr'><strong>czu</strong></span> <span class='ocrx_word' id='word_1_120' title='bbox 1574 2117 1721 2183; x_wconf 91' lang='lat' dir='ltr'><strong>tode</strong></span> <span class='ocrx_word' id='word_1_121' title='bbox 1753 2115 1973 2199; x_wconf 82' lang='lat' dir='ltr'><strong>slecht‚</strong></span> <span class='ocrx_word' id='word_1_122' title='bbox 2019 2115 2151 2185; x_wconf 73' lang='lat' dir='ltr'><strong>und</strong></span> <span class='ocrx_word' id='word_1_123' title='bbox 2182 2116 2297 2184; x_wconf 86' lang='lat' dir='ltr'><strong>der</strong></span> 
     </span>
     <span class='ocr_line' id='line_1_18' title="bbox 263 2231 2296 2319; baseline -0.001 -21"><span class='ocrx_word' id='word_1_124' title='bbox 263 2251 585 2314; x_wconf 78' lang='lat' dir='ltr'><strong>gevangen</strong></span> <span class='ocrx_word' id='word_1_125' title='bbox 630 2233 776 2298; x_wconf 83' lang='lat' dir='ltr'><strong>wirt</strong></span> <span class='ocrx_word' id='word_1_126' title='bbox 819 2252 934 2298; x_wconf 86' lang='lat' dir='ltr'><strong>vor</strong></span> <span class='ocrx_word' id='word_1_127' title='bbox 978 2232 1256 2316; x_wconf 80' lang='lat' dir='ltr'><strong>gerichte</strong></span> <span class='ocrx_word' id='word_1_128' title='bbox 1299 2232 1544 2319; x_wconf 82' lang='lat' dir='ltr'><strong>precht,</strong></span> <span class='ocrx_word' id='word_1_129' title='bbox 1589 2232 1703 2300; x_wconf 90' lang='lat' dir='ltr'><strong>her</strong></span> <span class='ocrx_word' id='word_1_130' title='bbox 1734 2231 2032 2318; x_wconf 72' lang='lat' dir='ltr'><strong>aprechit⁷</strong></span> <span class='ocrx_word' id='word_1_131' title='bbox 2082 2231 2193 2296; x_wconf 77' lang='lat' dir='ltr'><strong>das</strong></span> <span class='ocrx_word' id='word_1_132' title='bbox 2227 2252 2296 2296; x_wconf 90' lang='lat' dir='ltr'><strong>er</strong></span> 
     </span>
     <span class='ocr_line' id='line_1_19' title="bbox 265 2345 2299 2434; baseline -0.001 -21"><span class='ocrx_word' id='word_1_133' title='bbox 265 2346 320 2413; x_wconf 85' lang='lat' dir='ltr'><strong>si</strong></span> <span class='ocrx_word' id='word_1_134' title='bbox 366 2351 714 2434; x_wconf 77' lang='lat' dir='ltr'><strong>genotwert</strong></span> <span class='ocrx_word' id='word_1_135' title='bbox 757 2346 918 2415; x_wconf 91' lang='lat' dir='ltr'><strong>habe</strong></span> <span class='ocrx_word' id='word_1_136' title='bbox 963 2348 1118 2415; x_wconf 80' lang='lat' dir='ltr'><strong>einis</strong></span> <span class='ocrx_word' id='word_1_137' title='bbox 1163 2348 1359 2417; x_wconf 80' lang='lat' dir='ltr'><strong>liebee</strong></span> <span class='ocrx_word' id='word_1_138' title='bbox 1394 2398 1411 2413; x_wconf 92' lang='lat'><strong>.</strong></span> <span class='ocrx_word' id='word_1_139' title='bbox 1440 2398 1455 2413; x_wconf 94' lang='lat'><strong>.</strong></span> <span class='ocrx_word' id='word_1_140' title='bbox 1484 2397 1499 2421; x_wconf 80' lang='grc'><strong>.</strong></span> <span class='ocrx_word' id='word_1_141' title='bbox 1548 2348 1651 2415; x_wconf 90' lang='lat' dir='ltr'><strong>die</strong></span> <span class='ocrx_word' id='word_1_142' title='bbox 1694 2347 1867 2415; x_wconf 77' lang='lat' dir='ltr'><strong>selbe</strong></span> <span class='ocrx_word' id='word_1_143' title='bbox 1911 2351 2153 2414; x_wconf 81' lang='lat' dir='ltr'><strong>notwer</strong></span> <span class='ocrx_word' id='word_1_144' title='bbox 2200 2345 2299 2415; x_wconf 79' lang='lat' dir='ltr'><strong>sol</strong></span> 
     </span>
     <span class='ocr_line' id='line_1_20' title="bbox 265 2459 2187 2549; baseline -0.001 -20"><span class='ocrx_word' id='word_1_145' title='bbox 265 2482 334 2529; x_wconf 90' lang='lat' dir='ltr'><strong>er</strong></span> <span class='ocrx_word' id='word_1_146' title='bbox 379 2462 752 2549; x_wconf 81' lang='lat' dir='ltr'><strong>volprengin</strong></span> <span class='ocrx_word' id='word_1_147' title='bbox 796 2463 930 2529; x_wconf 84' lang='lat' dir='ltr'><strong>selb</strong></span> <span class='ocrx_word' id='word_1_148' title='bbox 977 2462 1262 2531; x_wconf 86' lang='lat' dir='ltr'><strong>nevende</strong></span> <span class='ocrx_word' id='word_1_149' title='bbox 1303 2463 1805 2549; x_wconf 82' lang='lat' dir='ltr'><strong>unversprochin</strong></span> <span class='ocrx_word' id='word_1_150' title='bbox 1848 2459 2187 2529; x_wconf 80' lang='lat' dir='ltr'><strong>mannen.“</strong></span> 
     </span>
    </p>

    <p class='ocr_par' dir='ltr' id='par_1_6' title="bbox 263 2576 2297 3005">
     <span class='ocr_line' id='line_1_21' title="bbox 401 2576 2297 2663; baseline 0.001 -22"><span class='ocrx_word' id='word_1_151' title='bbox 401 2576 707 2644; x_wconf 85' lang='lat' dir='ltr'><strong>Similiter</strong></span> <span class='ocrx_word' id='word_1_152' title='bbox 749 2579 819 2642; x_wconf 91' lang='lat' dir='ltr'><strong>in</strong></span> <span class='ocrx_word' id='word_1_153' title='bbox 863 2579 1118 2644; x_wconf 82' lang='lat' dir='ltr'><strong>statutis</strong></span> <span class='ocrx_word' id='word_1_154' title='bbox 1153 2576 1397 2643; x_wconf 81' lang='lat' dir='ltr'><strong>Goslar.</strong></span> <span class='ocrx_word' id='word_1_155' title='bbox 1430 2597 1491 2663; x_wconf 89' lang='lat' dir='ltr'><strong>p.</strong></span> <span class='ocrx_word' id='word_1_156' title='bbox 1522 2582 1631 2661; x_wconf 77' lang='lat'><strong>35,</strong></span> <span class='ocrx_word' id='word_1_157' title='bbox 1658 2580 1726 2662; x_wconf 82' lang='lat'><strong>5,</strong></span> <span class='ocrx_word' id='word_1_158' title='bbox 1771 2598 1931 2663; x_wconf 88' lang='lat' dir='ltr'><strong>quae</strong></span> <span class='ocrx_word' id='word_1_159' title='bbox 1972 2582 2297 2645; x_wconf 83' lang='lat' dir='ltr'><strong>certamen</strong></span> 
     </span>
     <span class='ocr_line' id='line_1_22' title="bbox 267 2692 2296 2778; baseline 0 -20"><span class='ocrx_word' id='word_1_160' title='bbox 267 2692 584 2775; x_wconf 80' lang='lat' dir='ltr'><strong>singulare</strong></span> <span class='ocrx_word' id='word_1_161' title='bbox 629 2694 712 2759; x_wconf 89' lang='lat' dir='ltr'><strong>ad</strong></span> <span class='ocrx_word' id='word_1_162' title='bbox 757 2693 1154 2778; x_wconf 86' lang='lat' dir='ltr'><strong>probandum</strong></span> <span class='ocrx_word' id='word_1_163' title='bbox 1198 2692 1362 2761; x_wconf 86' lang='lat' dir='ltr'><strong>nihil</strong></span> <span class='ocrx_word' id='word_1_164' title='bbox 1403 2692 1615 2759; x_wconf 86' lang='lat' dir='ltr'><strong>valere</strong></span> <span class='ocrx_word' id='word_1_165' title='bbox 1658 2692 2024 2776; x_wconf 85' lang='lat' dir='ltr'><strong>voluerunt,</strong></span> <span class='ocrx_word' id='word_1_166' title='bbox 2072 2694 2141 2759; x_wconf 90' lang='lat' dir='ltr'><strong>in</strong></span> <span class='ocrx_word' id='word_1_167' title='bbox 2188 2693 2296 2758; x_wconf 89' lang='lat' dir='ltr'><strong>de-</strong></span> 
     </span>
     <span class='ocr_line' id='line_1_23' title="bbox 263 2807 2295 2893; baseline 0 -20"><span class='ocrx_word' id='word_1_168' title='bbox 263 2807 414 2873; x_wconf 86' lang='lat' dir='ltr'><strong>licto</strong></span> <span class='ocrx_word' id='word_1_169' title='bbox 458 2809 792 2875; x_wconf 73' lang='lat' dir='ltr'><strong>manifesto</strong></span> <span class='ocrx_word' id='word_1_170' title='bbox 839 2808 1296 2893; x_wconf 83' lang='lat' dir='ltr'><strong>deprehensum</strong></span> <span class='ocrx_word' id='word_1_171' title='bbox 1332 2809 1696 2892; x_wconf 86' lang='lat' dir='ltr'><strong>juramento</strong></span> <span class='ocrx_word' id='word_1_172' title='bbox 1743 2828 1885 2876; x_wconf 84' lang='lat' dir='ltr'><strong>cum</strong></span> <span class='ocrx_word' id='word_1_173' title='bbox 1928 2808 2117 2879; x_wconf 79' lang='lat' dir='ltr'><strong>sociis</strong></span> <span class='ocrx_word' id='word_1_174' title='bbox 2147 2808 2295 2875; x_wconf 87' lang='lat' dir='ltr'><strong>dato</strong></span> 
     </span>
     <span class='ocr_line' id='line_1_24' title="bbox 267 2922 1603 3005; baseline -0.001 -17"><span class='ocrx_word' id='word_1_175' title='bbox 267 2924 664 2989; x_wconf 79' lang='lat' dir='ltr'><strong>accusatione</strong></span> <span class='ocrx_word' id='word_1_176' title='bbox 705 2924 1044 2991; x_wconf 79' lang='lat' dir='ltr'><strong>liberatum</strong></span> <span class='ocrx_word' id='word_1_177' title='bbox 1089 2942 1227 2991; x_wconf 84' lang='lat' dir='ltr'><strong>esse</strong></span> <span class='ocrx_word' id='word_1_178' title='bbox 1271 2922 1559 3005; x_wconf 80' lang='lat' dir='ltr'><strong>legimus.</strong></span> <span class='ocrx_word' id='word_1_179' title='bbox 1594 2994 1603 3001; x_wconf 56' lang='lat'>‚</span> 
     </span>
    </p>

    <p class='ocr_par' dir='ltr' id='par_1_7' title="bbox 263 3036 2297 3355">
     <span class='ocr_line' id='line_1_25' title="bbox 399 3036 2293 3123; baseline 0 -20"><span class='ocrx_word' id='word_1_180' title='bbox 399 3038 492 3103; x_wconf 89' lang='lat' dir='ltr'><strong>Cf.</strong></span> <span class='ocrx_word' id='word_1_181' title='bbox 527 3037 687 3107; x_wconf 87' lang='lat' dir='ltr'><strong>Stat.</strong></span> <span class='ocrx_word' id='word_1_182' title='bbox 713 3038 900 3107; x_wconf 88' lang='lat' dir='ltr'><strong>Verd.</strong></span> <span class='ocrx_word' id='word_1_183' title='bbox 939 3042 1056 3105; x_wconf 85' lang='lat' dir='ltr'><strong>art.</strong></span> <span class='ocrx_word' id='word_1_184' title='bbox 1089 3041 1212 3105; x_wconf 77' lang='lat'><strong>158</strong></span> <span class='ocrx_word' id='word_1_185' title='bbox 1263 3037 1638 3119; x_wconf 85' lang='lat' dir='ltr'><strong>(Pufendorf</strong></span> <span class='ocrx_word' id='word_1_186' title='bbox 1676 3036 1841 3107; x_wconf 77' lang='lat' dir='ltr'><strong>obse.</strong></span> <span class='ocrx_word' id='word_1_187' title='bbox 1885 3042 2037 3105; x_wconf 89' lang='lat' dir='ltr'><strong>tom.</strong></span> <span class='ocrx_word' id='word_1_188' title='bbox 2072 3036 2101 3103; x_wconf 97' lang='lat' dir='ltr'>I</span> <span class='ocrx_word' id='word_1_189' title='bbox 2145 3058 2293 3123; x_wconf 79' lang='lat' dir='ltr'><strong>app.</strong></span> 
     </span>
     <span class='ocr_line' id='line_1_26' title="bbox 263 3152 2297 3251; baseline 0 -33"><span class='ocrx_word' id='word_1_190' title='bbox 263 3173 330 3239; x_wconf 90' lang='lat' dir='ltr'><strong>p.</strong></span> <span class='ocrx_word' id='word_1_191' title='bbox 370 3153 539 3237; x_wconf 85' lang='lat'><strong>128).</strong></span> <span class='ocrx_word' id='word_1_192' title='bbox 613 3152 770 3220; x_wconf 87' lang='lat' dir='ltr'><strong>Stat.</strong></span> <span class='ocrx_word' id='word_1_193' title='bbox 803 3152 1013 3219; x_wconf 86' lang='lat' dir='ltr'><strong>Brem.</strong></span> <span class='ocrx_word' id='word_1_194' title='bbox 1047 3152 1307 3237; x_wconf 75' lang='lat' dir='ltr'><strong>antiqua</strong></span> <span class='ocrx_word' id='word_1_195' title='bbox 1350 3154 1429 3219; x_wconf 90' lang='lat' dir='ltr'><strong>de</strong></span> <span class='ocrx_word' id='word_1_196' title='bbox 1477 3155 1667 3221; x_wconf 85' lang='lat'><strong>1303.</strong></span> <span class='ocrx_word' id='word_1_197' title='bbox 1712 3153 1810 3219; x_wconf 87' lang='lat' dir='ltr'><strong>tit.</strong></span> <span class='ocrx_word' id='word_1_198' title='bbox 1855 3172 1979 3219; x_wconf 86' lang='lat' dir='ltr'><strong>vau</strong></span> <span class='ocrx_word' id='word_1_199' title='bbox 2019 3157 2297 3251; x_wconf 79' lang='lat' dir='ltr'><strong>notwere</strong></span> 
     </span>
     <span class='ocr_line' id='line_1_27' title="bbox 266 3268 975 3355; baseline 0.001 -21"><span class='ocrx_word' id='word_1_200' title='bbox 266 3268 352 3334; x_wconf 95' lang='grc' dir='ltr'><strong>ΙΙΙ</strong></span> <span class='ocrx_word' id='word_1_201' title='bbox 399 3268 704 3349; x_wconf 83' lang='lat' dir='ltr'><strong>(Oelrichs</strong></span> <span class='ocrx_word' id='word_1_202' title='bbox 746 3289 809 3355; x_wconf 90' lang='lat' dir='ltr'><strong>p.</strong></span> <span class='ocrx_word' id='word_1_203' title='bbox 845 3270 975 3351; x_wconf 84' lang='lat'><strong>34).</strong></span> 
     </span>
    </p>

    <p class='ocr_par' dir='ltr' id='par_1_8' title="bbox 265 3369 2299 3700">
     <span class='ocr_line' id='line_1_28' title="bbox 399 3369 2295 3470; baseline -0.002 -18"><span class='ocrx_word' id='word_1_204' title='bbox 399 3370 578 3461; x_wconf 85' lang='lat' dir='ltr'><strong>Quo&#39;d</strong></span> <span class='ocrx_word' id='word_1_205' title='bbox 631 3369 786 3451; x_wconf 84' lang='lat' dir='ltr'><strong>num</strong></span> <span class='ocrx_word' id='word_1_206' title='bbox 841 3383 982 3451; x_wconf 81' lang='lat' dir='ltr'><strong>aliis</strong></span> <span class='ocrx_word' id='word_1_207' title='bbox 1039 3402 1287 3470; x_wconf 84' lang='lat' dir='ltr'><strong>quoque</strong></span> <span class='ocrx_word' id='word_1_208' title='bbox 1333 3383 1587 3453; x_wconf 83' lang='lat' dir='ltr'><strong>statutis</strong></span> <span class='ocrx_word' id='word_1_209' title='bbox 1630 3388 1955 3469; x_wconf 86' lang='lat' dir='ltr'><strong>receptum</strong></span> <span class='ocrx_word' id='word_1_210' title='bbox 2000 3383 2086 3449; x_wconf 86' lang='lat' dir='ltr'><strong>sit</strong></span> <span class='ocrx_word' id='word_1_211' title='bbox 2128 3389 2295 3453; x_wconf 88' lang='lat' dir='ltr'><strong>certe</strong></span> 
     </span>
     <span class='ocr_line' id='line_1_29' title="bbox 266 3497 2297 3585; baseline -0.001 -20"><span class='ocrx_word' id='word_1_212' title='bbox 266 3498 600 3583; x_wconf 84' lang='lat' dir='ltr'><strong>dijudicari</strong></span> <span class='ocrx_word' id='word_1_213' title='bbox 642 3520 768 3566; x_wconf 89' lang='lat' dir='ltr'><strong>non</strong></span> <span class='ocrx_word' id='word_1_214' title='bbox 814 3504 1058 3585; x_wconf 80' lang='lat' dir='ltr'><strong>potest,</strong></span> <span class='ocrx_word' id='word_1_215' title='bbox 1105 3520 1296 3585; x_wconf 81' lang='lat' dir='ltr'><strong>quum</strong></span> <span class='ocrx_word' id='word_1_216' title='bbox 1339 3499 1423 3565; x_wconf 83' lang='lat' dir='ltr'><strong>iis</strong></span> <span class='ocrx_word' id='word_1_217' title='bbox 1467 3499 1655 3583; x_wconf 75' lang='lat' dir='ltr'><strong>locis,</strong></span> <span class='ocrx_word' id='word_1_218' title='bbox 1704 3498 1928 3584; x_wconf 83' lang='lat' dir='ltr'><strong>quibus</strong></span> <span class='ocrx_word' id='word_1_219' title='bbox 1974 3498 2053 3565; x_wconf 85' lang='lat' dir='ltr'><strong>de</strong></span> <span class='ocrx_word' id='word_1_220' title='bbox 2094 3497 2297 3565; x_wconf 87' lang='lat' dir='ltr'><strong>incul-</strong></span> 
     </span>
     <span class='ocr_line' id='line_1_30' title="bbox 265 3613 2299 3700; baseline -0.001 -19"><span class='ocrx_word' id='word_1_221' title='bbox 265 3618 454 3700; x_wconf 84' lang='lat' dir='ltr'><strong>patae</strong></span> <span class='ocrx_word' id='word_1_222' title='bbox 500 3613 734 3682; x_wconf 87' lang='lat' dir='ltr'><strong>tutelae</strong></span> <span class='ocrx_word' id='word_1_223' title='bbox 774 3614 1202 3681; x_wconf 89' lang='lat' dir='ltr'><strong>moderamine</strong></span> <span class='ocrx_word' id='word_1_224' title='bbox 1233 3616 1463 3699; x_wconf 80' lang='lat' dir='ltr'><strong>agitur‚</strong></span> <span class='ocrx_word' id='word_1_225' title='bbox 1508 3634 1637 3681; x_wconf 91' lang='lat' dir='ltr'><strong>non</strong></span> <span class='ocrx_word' id='word_1_226' title='bbox 1666 3614 1954 3697; x_wconf 82' lang='lat' dir='ltr'><strong>addatur,</strong></span> <span class='ocrx_word' id='word_1_227' title='bbox 2002 3633 2157 3681; x_wconf 81' lang='lat' dir='ltr'><strong>num</strong></span> <span class='ocrx_word' id='word_1_228' title='bbox 2188 3613 2299 3699; x_wconf 87' lang='lat' dir='ltr'><strong>qui</strong></span> 
     </span>
    </p>
   </div>
   <div class='ocr_carea' id='block_1_4' title="bbox 377 3750 1098 3929">
    <p class='ocr_par' dir='ltr' id='par_1_9' title="bbox 377 3750 1098 3929">
     <span class='ocr_line' id='line_1_31' title="bbox 377 3750 958 3841; baseline -0.009 -12"><span class='ocrx_word' id='word_1_229' title='bbox 377 3772 421 3838; x_wconf 85' lang='lat'><strong>¹)</strong></span> <span class='ocrx_word' id='word_1_230' title='bbox 457 3750 598 3825; x_wconf 51' lang='lat' dir='ltr'><strong>ordo</strong></span> <span class='ocrx_word' id='word_1_231' title='bbox 622 3769 745 3841; x_wconf 83' lang='lat' dir='ltr'><strong>jud.</strong></span> <span class='ocrx_word' id='word_1_232' title='bbox 783 3770 870 3838; x_wconf 78' lang='lat' dir='ltr'><strong>aa,</strong></span> <span class='ocrx_word' id='word_1_233' title='bbox 907 3771 958 3825; x_wconf 79' lang='lat' dir='ltr'><strong>a.</strong></span> 
     </span>
     <span class='ocr_line' id='line_1_32' title="bbox 377 3858 1098 3929; baseline -0.003 -14"><span class='ocrx_word' id='word_1_234' title='bbox 377 3859 424 3926; x_wconf 69' lang='grc'><strong>2)</strong></span> <span class='ocrx_word' id='word_1_235' title='bbox 450 3859 550 3929; x_wconf 76' lang='lat' dir='ltr'><strong>jue</strong></span> <span class='ocrx_word' id='word_1_236' title='bbox 583 3872 739 3926; x_wconf 80' lang='lat' dir='ltr'><strong>prov.</strong></span> <span class='ocrx_word' id='word_1_237' title='bbox 765 3858 892 3914; x_wconf 84' lang='lat' dir='ltr'><strong>Sax.</strong></span> <span class='ocrx_word' id='word_1_238' title='bbox 929 3858 971 3927; x_wconf 86' lang='lat'><strong>1,</strong></span> <span class='ocrx_word' id='word_1_239' title='bbox 1009 3858 1098 3915; x_wconf 84' lang='lat'><strong>64.</strong></span> 
     </span>
    </p>
   </div>
   <div class='ocr_carea' id='block_1_5' title="bbox 272 3730 698 3739">
    <p class='ocr_par' dir='ltr' id='par_1_10' title="bbox 272 3730 698 3739">
     <span class='ocr_line' id='line_1_33' title="bbox 272 3730 698 3739; baseline 0 979"><span class='ocrx_word' id='word_1_240' title='bbox 272 3730 698 3739; x_wconf 95' lang='lat' dir='ltr'><strong> </strong></span> 
     </span>
    </p>
   </div>
  </div>
 </body>
</html>
