2771 4718
1421 322 1507 383 24

585 496 712 563 Sed
767 498 1060 581 quoniam
1112 498 1180 562 in
1227 496 1517 561 omnibus
1561 495 1661 561 his
1707 494 1955 561 casibus
1990 500 2138 561 ‘rem
2182 496 2487 561 furtivam

449 613 516 677 in
562 614 958 698 possessione
990 648 1072 659 --
1112 612 1219 695 „in
1264 611 1376 676 der
1422 609 1708 693 gewere“
1742 646 1825 673 —-.
1862 609 2123 677 alterius
2164 630 2305 677 esse
2336 631 2488 696 pro·

450 727 588 792 bari
644 732 922 814 oportet,
982 747 1057 792 ea
1102 727 1180 792 de
1225 745 1417 790 causa
1452 726 1650 809 judex
1696 730 2167 811 assessor-esque
2212 726 2489 792 clamore

451 848 876 925 arcessuntur,
926 861 1047 925 quo
1093 841 1262 907 edito
1305 845 1399 905 ut·
1423 840 1593 905 illico
1641 841 1983 906 adveniant
2006 840 2159 924 lege.
2175 842 2487 927 praescri-

450 958 638 1023 bitur.
733 957 824 1021 At
869 962 1035 1022 certe
1080 976 1224 1022 raro
1273 944 1517 1038 evenit,
1564 961 1639 1021 ut
1680 956 1766 1039 is,
1813 956 1918 1021 cui
1961 956 2200 1021 furtum
2246 958 2489 1023 factam

452 1076 608 1155 erat,
653 1092 790 1136 rem
837 1092 1016 1137 suam
1056 1092 1181 1137 non
1217 1071 1365 1170 data
1397 1091 1607 1156 opera,
1656 1072 1769 1137 sed
1796 1070 2057 1137 fortuito
2090 1073 2256 1157 apud
2282 1071 2489 1139 -alium

449 1188 789 1267 inveniret3
851 1185 1049 1252 multo
1107 1187 1358 1271 saepius
1418 1186 1575 1252 illud
1623 1186 1923 1252 accidisse
1966 1187 2319 1271 putandum
2366 1193 2487 1271 est,

449 1308 523 1367 ut·
566 1301 692 1384 ille,
741 1302 917 1385 eujus
963 1322 1064 1367 res
1097 1302 1308 1367 ablata
1338 1308 1494 1385 erat,
1544 1302 1623 1369 ab
1654 1302 1777 1367 alio
1810 1322 1950 1368 eam
1982 1302 2247 1367 detineri
2278 1303 2491 1387 suspi-

453 1423 719 1483 caretur.
789 1417 997 1494 Quum
1045 1422 1256 1483 autem
1306 1418 1641 1501 quominus
1684 1417 1919 1481 furtum
1966 1416 2036 1481 in
2082 1416 2267 1482 domo
2312 1416 2490 1483 illins

449 1533 588 1618 ipse
647 1537 978 1617 quaereret
1022 1552 1212 1618 saepe
1257 1531 1698 1618 prohiberetur
1741 1568 1827 1577 —-
1870 1551 2023 1598 nam
2067 1532 2125 1597 si
2166 1532 2363 1597 invito
2410 1552 2490 1599 eo

452 1647 552 1712 vel
583 1648 746 1713 clam
777 1647 1060 1730 intravit,
1099 1648 1288 1713 etia-m
1319 1648 1497 1732 pacis
1530 1647 1799 1713 violatae
1840 1664 1989 1712 reus
2018 1646 2157 1713 fieri
2183 1644 2489 1732 poterat¹J

453 1798 536 1809 -—
577 1763 808 1845 judicis
849 1761 1086 1827 auxilio
1117 1763 1212 1827 uti
1243 1762 1531 1845 debebat,
1579 1781 1700 1846 quo
1728 1766 1987 1827 auctore
2018 1780 2154 1827 rem
2184 1762 2491 1827 furtivam

451 1878 834 1960 investigare
873 1879 931 1943 ei
962 1877 1211 1943 licebat.
1280 1876 1613 1960 Ejusmodi
1642 1877 2019 1943 scrutinium
2049 1877 2119 1941 in
2144 1875 2301 1943 flotie
2320 1877 2489 1960 juris

451 2012 628 2077 prov.
667 1992 813 2057 Sax.
848 1991 925 2074 II,
973 1998 1174 2077 praet.
1215 1994 1294 2056 16
1343 1992 1683 2077 (Homeyer
1728 1998 1791 2077 p‘.
1826 1994 1985 2072 372)
2031 1992 2220 2059 latins
2250 1991 2489 2059 deseri-

453 2108 641 2173 bitur.
711 2106 798 2172 Et
839 2108 1023 2173 initio
1071 2107 1325 2191 quidem
1368 2104 1835 2192 patrifamilias,
1880 2113 2217 2192 postquam
2266 2108 2344 2175 ab
2388 2129 2483 2193 eo,

454 2223 562 2307 qui
615 2243 748 2288 rem
815 2244 991 2289 suam
1053 2223 1329 2306 quaerit,
1396 2221 1795 2306 fidejussores
1852 2222 1935 2288 de
1988 2223 2217 2289 damno
2274 2224 2485 2291 futuro

453 2338 742 2430 accepit,
788 2358 826 2402 a
859 2337 1075 2422 ¹judice
1119 2338 1489 2420 mandatur,
1546 2341 1615 2404 ut
1660 2338 2018 2406 convocatis
2058 2339 2425 2406 domesticis
2437 2334 2483 2422 ²)

443 2455 673 2538 januas
722 2475 938 2520 omnes
981 2459 1224 2520 reseret
1268 2459 1331 2520 et
1360 2454 1637 2519 armaria
1666 2459 1853 2537 atque
1882 2455 2283 2540 receptacula
2307 2461 2485 2541 pate-

451 2569 663 2633 faciat.
737 2568 998 2634 Inventa
1041 2591 1111 2636 re
1155 2570 1391 2635 furtiva
1434 2559 1560 2634 non
1592 2568 1793 2634 solum
1826 2569 1983 2655 ipse,
2002 2607 2009 2615 ·
2030 2570 2142 2636 sed
2158 2571 2486 2658 ‘imprimis

455 2683 646 2748 etiam
693 2684 782 2765 is,
839 2685 906 2748 in
951 2685 1128 2767 cujus
1177 2685 1450 2748 armario
1494 2684 1740 2749 inclusa
1784 2690 1951 2768 erat,
1998 2685 2487 2771 deprehenditur

456 2798 926 2883 quaeriturque,
972 2803 1113 2863 uter
1158 2818 1273 2884 pro
1319 2798 1458 2864 fure
1502 2799 1827 2864 habendus
1873 2805 1937 2866 et
1979 2801 2335 2886 puniendus
2378 2803 2482 2868 sit.

405 2907 408 2912 ’
456 2913 553 2980 De
601 2934 726 2996 qua
768 2934 838 2978 re
883 2913 1050 2978 infra
1096 2911 1157 2996 (ξ
1191 2915 1256 2994 8)
1303 2913 1674 2983 videbimus.
2317 2989 2326 2997 ,

591 3027 842 3094 Statuta
885 3026 1444 3112 Flensburgensia,
1501 3028 2013 3114 Apenradensia,
2070 3030 2489 3106 Slesvicensia

457 3149 692 3209 certam
743 3142 1027 3208 scrutinii
1071 3143 1342 3208 formam
1388 3145 1631 3210 servari
1674 3143 1927 3228 volunt,
1974 3166 2097 3231 qua
2141 3147 2196 3214 is
2241 3147 2349 3231 qui
2385 3147 2484 3212 in-

459 3259 652 3342 quirit
705 3258 1143 3343 prohibeatur,
1202 3259 1534 3342 quominus
1589 3260 1729 3345 ipse
1782 3279 1917 3325 rem
1974 3261 2042 3327 in
2087 3262 2340 3328 domum
2384 3233 2489 3328 in:

455 3373 618 3439 ferat
629 3369 708 3454 ³);
757 3378 1087 3458 praeterea
1133 3375 1387 3440 statutis
1416 3373 2079 3460 Flensburgensibus⁴)
2122 3377 2232 3444 ille
2276 3378 2483 3464 prius-

568 3549 610 3612 1)
639 3547 736 3616 jus
776 3545 1030 3601 Weichb.
1067 3552 1166 3602 art.
1196 3549 1265 3601 38
1301 3552 1332 3611 ς
1363 3551 1411 3602 l.
1466 3549 1687 3617 Berner,
1726 3547 2033 3604 Strafreeht
2067 3567 2122 3618 p.
2146 3552 2270 3606 342.

561 3643 606 3708 2)
644 3643 794 3712 quod
829 3643 958 3698 ideo
992 3641 1071 3711 fit,
1111 3650 1174 3698 ut
1209 3645 1257 3703 si
1293 3645 1420 3713 quis
1457 3661 1645 3700 eorum
1685 3659 1800 3700 rem
1837 3645 2055 3715 habeat,
2093 3646 2435 3703 confiteatur.

563 3740 606 3806 8)
646 3740 898 3795 similiter
935 3746 996 3795 ut
1033 3741 1179 3810 apud
1217 3741 1495 3796 Romanos
1532 3743 1877 3798 scrutinium·
1908 3744 2065 3799 lance
2098 3749 2159 3800 et
2200 3744 2327 3800 licio
2362 3743 2482 3800 fieri

456 3834 688 3890 solebat.
745 3836 990 3907 Rudorff‚
1028 3839 1092 3893 R.
1115 3839 1181 3894 G.
1219 3838 1290 3906 11,
1327 3855 1380 3907 p.
1406 3839 1527 3893 352.

564 3933 607 3999 ⁴)
646 3937 747 3987 art.
779 3935 882 3987 120
918 3935 1010 4000 (de
1036 3935 1397 4004 Westphalen
1432 3939 1563 3992 tom.
1592 3935 1687 4005 IV,
1724 3952 1778 4006 p.
1808 3937 1985 4004 193⁷).
