2771 4718
533 1197 1170 1284 SENTENTIAE
1242 1199 2079 1287 CONTROVERSAE.

293 1591 352 1653 1.
414 1587 487 1653 L.
532 1589 573 1654 3
618 1607 715 1673 pr.
761 1588 840 1653 D.
889 1588 968 1654 de
1023 1588 1403 1673 postulando
1450 1591 1522 1672 3,
1572 1592 1602 1654 1
1661 1588 1997 1674 legendum
2054 1594 2178 1657 est:
2236 1590 2315 1657 de

420 1704 679 1787 majoris
724 1703 926 1789 partis
971 1703 1465 1769 tribunorum
1510 1704 1842 1770 sententia.

283 1821 347 1884 2.
417 1817 592 1883 Uxor
633 1819 703 1883 in
747 1839 940 1884 manu
985 1837 1189 1884 noxae
1234 1817 1374 1883 dari
1419 1838 1547 1883 non
1589 1823 1859 1904 poterat.

283 1935 346 1998 3.
416 1929 489 1996 L.
518 1935 555 1997 7
588 1953 686 2019 pr.
720 1933 800 1998 D.
833 1935 897 2016 4,
929 1935 972 1999 5
1017 1932 1352 2016 legendum
1383 1953 1522 1999 esse
1551 1938 1705 2019 puto
1737 1953 1881 1999 eum
1912 1933 2307 2000 Haloandroz

419 2047 672 2114 Tutelae
719 2049 909 2114 etiam
954 2067 1082 2114 non
1129 2049 1365 2113 amittit
1410 2048 1635 2133 eapitis
1681 2049 1947 2115 minutio
1961 2099 1979 2133 ‚
2028 2049 2309 2135 exceptis

413 2162 544 2246 hia,
603 2183 764 2249 quae
817 2164 887 2228 in
937 2164 1080 2248 jure
1138 2163 1342 2230 alieno
1399 2164 1689 2248 personis
1733 2164 1957 2249 positis
2002 2186 2045 2231 n
2064 2184 2155 2230 on
2200 2163 2309 2230 de-

411 2277 718 2344 feruntur.

279 2394 342 2457 4.
415 2391 752 2460 Servitutis
798 2393 986 2460 altius
1031 2392 1294 2460 tollendi
1339 2414 1417 2461 ea
1461 2399 1559 2461 est
1602 2395 1788 2478 rati0,
1835 2399 1906 2459 ut
1939 2394 2306 2461 servitutem

413 2508 602 2574 altius
647 2528 776 2573 non
823 2507 1086 2574 tollendi
1130 2510 1368 2594 partim
1414 2509 1614 2575 tollat.
1732 2572 1738 2579 .

275 2625 338 2688 5.
411 2620 730 2706 „Pignus“
777 2643 906 2688 non
953 2643 992 2688 a
1034 2642 1320 2709 pugne,
1366 2629 1441 2689 ut
1483 2623 1768 2709 plerique
1813 2628 2060 2709 putant,
2108 2625 2221 2690 sed
2264 2644 2303 2691 a

409 2738 825 2823 pangendo
873 2738 1285 2835 derivandum
1331 2744 1447 2805 est.

274 2856 336 2919 6.
407 2852 660 2919 Primae
706 2853 1209 2919 Christianorum
1267 2853 1453 2919 aedes
1513 2873 1730 2919 saetae
1786 2873 1915 2918 non
1962 2853 2044 2918 ad
2087 2873 2301 2920 exem-

402 2967 583 3053 plum
635 2967 1039 3035 basilicarum
1055 3018 1074 3052 ‚
1131 2969 1199 3034 in
1257 2969 1485 3053 quibus
1526 2968 1768 3054 judicia
1811 2967 2071 3052 fiebant,
2130 2967 2300 3034 aedi-

403 3082 628 3149 ficatae
671 3090 837 3150 sunt.

2675 4134 2731 4393 ..-Am-„-
