2771 4718
1415 343 1502 408 20

440 520 794 606 suspicione
831 519 965 603 jam
1012 538 1138 587 non
1181 516 1344 584 liber
1390 522 1557 598 erat3
1614 516 1736 582 cui:
1752 520 1973 588 autem
1990 571 1997 580 .
2012 514 2207 586 etiam
2222 538 2231 576 .-
2249 511 2465 580 delicti

439 635 708 718 vestigia
753 633 1012 716 alligata
1055 638 1255 716 erant,
1305 632 1439 716 ejus
1475 651 1701 698 revera
1726 630 2025 702 munibus:
2045 629 2345 699 delictum
2368 629 2466 696 ita

442 749 842 832 adhaerebat,
890 755 963 816 ut
1006 747 1267 820 infitiari
1313 767 1441 816 uon
1486 751 1701 832 posset
1712 743 1774 828 ι).
1843 744 2059 829 Neque
2092 745 2261 814 enim
2290 762 2465 827 vero,

442 867 497 934 si
541 865 710 932 haud
755 863 1025 933 multum
1069 863 1477 946 interfuisset,
1520 881 1677 930 num
1720 881 1870 928 reus
1911 861 2157 930 vinctus
2202 860 2272 925 iu
2292 858 2465 943 judi-2

441 981 606 1046 cium
655 979 1068 1070 adduceretur
1115 999 1198 1048 an
1241 997 1368 1043 non
1397 978 1667 1060 vinctus,
1712 983 1847 1044 tam
1874 995 2063 1062 saepe
2083 976 2161 1042 »in
2186 973 2481 1042 fontibus·

443 1096 846 1181 reperiretur,
893 1094 1060 1178 quod
1103 1094 1184 1177 ii,
1222 1093 1330 1177 qui
1355 1094 1719 1177 juramento
1746 1113 1815 1158 ee
1844 1109 2197 1184 expurgare
2227 1089 2469 1172 volunt,

443 1209 781 1293 affirmant,
827 1229 894 1276 se
939 1209 1171 1275 liberos
1215 1208 1607 1292 vinculisque
1650 1207 1907 1277 solutos.
2118 1217 2127 1223 “

872 1343 1324 1409 „ungevangen
1373 1324 1539 1394 unde
1582 1318 2042 1407 ungebuuden‘

433 1440 672 1525 judicio
719 1439 960 1505 adesse.
2046 1467 2053 1476 .

577 1554 670 1620 cf.
718 1554 850 1621 ord.
888 1553 1082 1637 Judic.
1131 1554 1248 1636 34,
1293 1555 1354 1620 9
1412 1554 1607 1636 gloss
1628 1553 1871 1636 adjus
1908 1487 2187 1621 Weichb.
2230 1555 2349 1618 art.
2384 1551 2471 1616 38

445 1669 742 1751 (Daniele
799 1690 861 1755 p.
906 1669 1094 1749 345).
1177 1667 1533 1740 Michelsen
1598 1667 1895 1802 Oberhof.
1950 1671 2111 1736 seut.
2172 1687 2229 1732 a
2256 1666 2471 1738 1464.

444 1805 615 1853 num.
657 1787 756 1851 19
2064 1817 2071 1824 ·
2134 1835 2141 1846 .
2368 1839 2375 1844 .

579 1898 651 1966 si
707 1897 1026 1964 maleficus
1073 1903 1184 1962 aut
1230 1898 1320 1964 ab·
1355 1919 1469 1980 eo,
1520 1917 1719 1981 quem.
1752 1897 1911 1982 ipse
1936 1915 2291 1982 &roseus
2314 1901 2471 1978 erat,

447 2019 557 2082 aut
599 2013 678 2082 ab
718 2012 867 2096 illis,
917 2013 1024 2096 qui
1054 2013 1294 2084 vincire
1321 2013 1635 2099 volebant,
1682 2016 1939 2080 necatus
1973 2017 2084 2080 aut
2112 2011 2483 2078 vulneratus.

447 2133 603 2212 erat,
649 2127 846 2196 nihilo
892 2127 1100 2200 minus
1147 2127 1228 2192 ad
1263 2125 1589 2210 judicium
1622 2148 1763 2196 eum
1798 2128 1945 2269 duci
1960 2126 2324 2214 oportebat,
2364 2124 2475 2192 ubi

443 2244 723 2326 legitime
769 2242 1309 2314 condemnaretur.
1498 2307 1503 2314 ,

577 2356 696 2425 Jus
741 2355 943 2424 Gulm.
977 2355 1054 2440 V,
1067 2358 1201 2429 41.
1263 2355 1451 2441 „Mag
1496 2355 1607 2429 her
1651 2377 1738 2443 yn
1782 2317 1959 2449 nieht
2002 2364 2232 2441 gesunt
2270 2354 2485 2427 volum.

445 2474 576 2540 und
633 2474 754 2538 slet
809 2471 921 2537 her
973 2492 1058 2558 yn
1105 2477 1216 2539 tzu
1259 2473 1407 2539 tede
1452 2473 1591 2540 adir
1636 2473 1892 2543 wundet
1935 2473 2048 2539 her
2092 2494 2179 2559 yn
2222 2472 2336 2539 her
2375 2471 2476 2539 sul

450 2609 537 2674 yn
582 2588 740 2656 doch
788 2607 900 2655 vor
945 2587 1220 2668 gerichte
1265 2585 1617 2671 brengen.“
1676 2598 1683 2607 ·
2067 2648 2073 2655 .
2196 2641 2203 2655 .

579 2702 839 2770 Licebat
887 2720 1133 2786 quoque
1165 2703 1334 2787 apud
1362 2702 1763 2770 interfectum
1792 2712 2115 2771 remanere
2136 2703 2491 2787 judicium».

451 2839 573 2905 que
618 2819 838 2885 accire.
909 2816 1038 2883 Sed
1083 2833 1332 2902 semper
1376 2817 1715 2887 clamorem
1752 2817 1889 2886 tolli
1919 2838 2173 2885 necesse
2204 2825 2377 2903 erat,
2406 2823 2479 2883 ut

449 2934 748 3002 delictum
804 2932 1206 2999 manifestum
1263 2930 1445 2998 fieret
1500 2938 1815 3017 testesque
1872 2934 2325 3003 advocarentur
2370 2934 2477 3017 qui

451 3054 514 3115 et
559 3069 701 3115 eum
735 3048 842 3133 qui
872 3047 1292 3114 interfecisset
1320 3046 1507 3131 culpa
1537 3068 1769 3135 carere,
1818 3054 1883 3114 et
1908 3049 2313 3117 interfectum
2333 3050 2481 3133 jure

449 3168 738 3233 necatum
789 3183 924 3229 esse
954 3162 1316 3230 testimonio
1347 3161 1808 3231 confirmarent.
1878 3162 1976 3231 De
2006 3172 2133 3247 q'ua
2159 3184 2229 3231 re
2258 3169 2481 3249 postea

450 3279 821 3345 videbimus,
871 3314 955 3323 ——
1018 3275 1132 3343 Sin
1191 3281 1401 3343 autem
1457 3278 1517 3342 is
1560 3278 1669 3361 qui
1702 3278 1879 3363 justa
1924 3279 2285 3347 defensione
2326 3299 2479 3345 usus

454 3394 647 3462 alium
707 3392 1052 3475 occiderat,
1111 3412 1338 3479 corpus
1398 3393 1586 3461 occisi
1644 3406 1857 3480 secum
1913 3394 2079 3461 ferre
2124 3395 2481 3480 judicisque

456 3510 738 3594 aspectui
794 3508 1100 3591 subjicere
1151 3528 1278 3573 non
1323 3508 1627 3591 audebat,
1686 3530 1770 3575 ex
1812 3498 2028 3579 amieis
2074 3510 2175 3577 vel
2218 3510 2480 3596 propin·¹

455 3624 595 3707 quis
643 3624 774 3707 ejus
819 3622 1121 3688 ultionem
1167 3623 1419 3719 timenS,
1465 3624 1604 3709 ipse
1647 3629 1861 3690 tamen
1908 3625 1989 3690 ad
2021 3624 2301 3709 judicem
2342 3645 2482 3692 sese

567 3869 608 3932 l)
645 3865 715 3919 de
751 3865 854 3921 hac
889 3882 948 3921 re
985 3866 1126 3922 bene
1162 3883 1215 3922 v.
1242 3868 1383 3923 Bar„
1408 3869 1521 3924 1.·ο.
1555 3884 1611 3937 p.
1636 3869 1725 3925 59.
