2771 4718
1467 335 1551 398 42

499 509 608 594 qui
651 509 943 577 vinxerat
997 510 1358 595 exercebat,
1418 527 1543 596 qua
1596 509 1843 577 ratione
1896 516 1960 577 et
2005 531 2073 577 se
2116 511 2327 596 ipsum
2371 531 2532 596 pur-

499 624 690 708 gabat
733 630 797 691 et
841 625 1129 710 alterum,
1175 627 1325 711 quia
1368 626 1584 692 delicti
1628 626 1897 709 vestigia
1940 626 2173 710 injuste
2200 625 2337 702 ,sibi
2384 625 2533 691 alli-

498 740 793 825 gavisset,
841 741 919 808 de
959 760 1115 828 paee
1143 741 1378 807 violata
1409 741 1760 807 accusabat.
1820 739 2000 820 Quod
2030 759 2336 827 apparere
2365 741 2533 806 mihi

497 855 746 922 videtur
790 877 932 922 cum
987 878 1068 923 ex
1123 856 1592 942 quaestionibus
1638 855 2279 940 Magdeburgensibus
2322 855 2365 920 l.
2400 853 2531 940 c.¹),

497 974 636 1036 tum
695 991 909 1037 eorum
966 973 1243 1038 locorum
1303 971 1773 1057 comparatione
1782 969 1864 1056 ‘),
1922 972 2147 1055 quibus
2204 971 2531 1036 interdum

496 1083 636 1152 fieri
679 1087 938 1168 dicitur,
997 1093 1070 1152 ut
1115 1087 1340 1171 aliquis
1389 1092 1609 1152 contra
1654 1087 1877 1170 alium,
1926 1088 2103 1172 cujus
2148 1087 2279 1152 vim
2323 1087 2533 1152 incul-

497 1207 688 1288 patae
753 1201 988 1268 tutelae
1053 1202 1485 1270 moderatione
1543 1202 2040 1288 propulsaverit,
2111 1204 2359 1270 etiamsi
2413 1201 2532 1269 ille

499 1321 688 1382 antea
733 1317 1013 1401 judicem
1067 1317 1320 1400 adierit,
1375 1321 1592 1383 tamen
1634 1319 1809 1404 prior
1856 1318 2167 1384 actionem
2212 1323 2528 1386 exerceat.

499 1430 628 1498 Sed
671 1433 750 1498 de
795 1452 871 1499 ea
913 1453 984 1500 re
1025 1433 1192 1498 infra
1235 1433 1617 1514 videbimus3
1677 1432 1796 1499 hoc
1838 1432 1977 1498 loco
2020 1433 2089 1498 id
2130 1415 2378 1500 tantum
2424 1455 2530 1501 re-

497 1546 664 1613 ferre
694 1546 921 1633 placet,
965 1548 1131 1632 quod
1159 1549 1227 1613 in
1256 1548 1354 1614 his
1388 1567 1635 1633 quoque
1665 1547 1913 1614 casibus
1944 1549 2021 1632 is,
2054 1550 2279 1615 cuivis
2310 1547 2527 1634 fiebat,

499 1661 839 1729 clamorem
887 1662 1070 1729 edere
1116 1663 1415 1745 debebat3
1465 1663 1633 1747 quod
1678 1664 1734 1728 si
1776 1663 1986 1729 facere
2024 1664 2341 1747 omiserat,
2388 1665 2529 1731 sive

499 1776 624 1842 vim
657 1797 884 1863 passus
915 1783 1052 1844 erat
1080 1777 1212 1843 sive
1242 1778 1724 1864 propulsaverat
1751 1778 1925 1844 nullo
1954 1779 2141 1844 modo
2174 1779 2252 1846 ab
2278 1779 2528 1846 actione

495 1893 855 1976 manifesta,
905 1894 960 1958 si
1005 1911 1130 1976 qua
1171 1893 1637 1976 intendebatur,
1684 1893 1955 1959 liberare
2000 1913 2071 1960 se
2112 1899 2379 1980 poterat.

635 2007 762 2073 Sed
805 2007 961 2074 haec
1003 2008 1325 2074 hactenus.
1388 2007 1609 2074 Restat
1648 2014 1724 2074 ut
1756 2009 1833 2074 de
1865 2009 1955 2074 eis
1986 2029 2141 2093 quos
2162 2009 2299 2094 jam
2330 2027 2526 2096 supra

499 2123 588 2209 (p.
611 2122 724 2205 24)
769 2123 1256 2208 breviter‘attigi
1299 2123 1547 2190 casibus
1578 2142 1782 2210 pauca
1813 2125 2040 2208 dicam,
2084 2125 2194 2190 ubi
2225 2124 2523 2191 delictum

497 2238 902 2304 manifestum
950 2240 1202 2323 quidem
1234 2260 1371 2306 esse
1400 2236 1649 2305 videtur
1677 2259 1881 2324 neque
1908 2243 2123 2306 tamen
2155 2240 2303 2324 quia
2333 2261 2524 2325 quae-

499 2353 646 2421 dam
702 2354 930 2422 desunt
985 2355 1147 2421 actio
1192 2355 1531 2423 manifesta
1574 2353 1821 2423 institui
1864 2362 2093 2443 potest.
2176 2354 2309 2423 Eos
2356 2356 2525 2423 enim

497 2470 638 2536 dico
651 2520 670 2554 ,
730 2471 955 2555 quibus
1009 2472 1296 2556 quamvis
1338 2492 1444 2538 res
1486 2472 1724 2539 furtiva
1765 2473 1835 2537 in
1880 2472 2088 2538 aliena
2130 2473 2525 2557 possessione

501 2586 892 2671 deprehensa
942 2588 1062 2671 sit,
1119 2592 1334 2653 tamen
1390 2588 1469 2653 de
1522 2586 1819 2669 flagranti
1862 2586 2090 2653 delicto
2111 2643 2116 2649 .
2137 2586 2241 2670 agi
2282 2588 2524 2671 nequit,

500 2701 600 2766 sin
643 2720 792 2767 vero
839 2704 1048 2767 actum
1095 2706 1219 2786 est,
1277 2722 1609 2789 possessor
1652 2702 1731 2767 de
1774 2702 1837 2767 vi
1884 2701 2008 2768 sibi
2050 2700 2221 2768 facta
2264 2706 2524 2786 questus

500 2817 580 2883 ab
623 2819 1022 2891 accusatione
1063 2814 1449 2899 liberatur⁸).

632 2932 720 2999 Ut
764 2934 932 2999 enim
975 2935 1032 2999 is
1046 2983 1064 3016 ,
1113 2933 1222 3017 qui
1266 2954 1402 2999 rem
1446 2932 1745 2998 furtivam
1790 2935 1993 3014 tenet,
2040 2932 2195 2998 furti
2242 2933 2525 2998 accusari

496 3040 733 3135 possit,
793 3047 955 3114 clam
1011 3066 1155 3114 eum
1181 3052 1429 3139 tenere
1474 3068 1632 3133 opus
1678 3052 1805 3130 est,
1864 3052 1938 3113 ut
1980 3066 2173 3133 supra
2214 3046 2521 3129 vidimus;

497 3184 647 3230 nam
694 3165 804 3249 qui
847 3163 1040 3229 talem
1085 3182 1221 3230 rem
1265 3168 1580 3230 mercatus
1610 3163 1711 3228 vel
1756 3182 1935 3229 suam
1982 3182 2120 3229 esse
2164 3182 2377 3228 errore
2404 3182 2522 3248 pu-

496 3283 642 3344 tans
687 3279 779 3345 ita
822 3284 1022 3362 tenet,
1076 3284 1150 3346 ut
1193 3298 1411 3345 omnes
1458 3298 1597 3344 eam
1643 3296 1899 3343 cernere
1942 3278 2219 3364 possint,
2264 3278 2337 3343 in
2378 3277 2521 3343 dolo

495 3412 625 3459 non
669 3397 782 3460 est.

609 3552 650 3617 l)
685 3548 783 3617 111,
806 3550 857 3617 2,
888 3550 944 3604 1:
993 3564 1097 3618 „so
1132 3548 1207 3603 ist
1241 3548 1340 3604 der
1374 3548 1662 3617 beclagete
1709 3564 1835 3603 man
1882 3546 2042 3602 nehir
2076 3563 2180 3603 czu
2212 3548 2519 3604 bewiszene

501 3646 602 3701 mit
638 3644 792 3716 synis
828 3645 987 3717 eynis
1024 3642 1161 3699 hant
1206 3644 1293 3700 uff
1334 3645 1443 3701 den
1478 3644 1747 3714 heiligen,
1792 3642 1893 3699 das
1939 3644 2039 3699 der
2083 3644 2269 3715 cleger
2312 3661 2407 3717 ym
2444 3646 2519 3717 dy

497 3742 647 3798 dube
685 3742 787 3797 mit
821 3742 1024 3813 gewalt
1054 3740 1207 3815 ¹unde
1241 3742 1417 3799 wedir
1452 3740 1607 3797 recht
1640 3740 2020 3811 uffgebunden
2054 3740 2251 3799 habe!

604 3842 648 3907 ²)
684 3840 722 3896 J
726 3856 790 3895 us
824 3839 1049 3895 Vratisl.
1085 3854 1138 3895 a.
1165 3840 1300 3894 1261
1339 3844 1370 3905 ς
1394 3839 1484 3894 53.
1536 3838 1574 3894 J
1578 3853 1642 3893 us
1666 3838 1844 3895 Oulm.
1868 3838 1965 3907 ΙΠ,
1988 3838 2039 3893 3.
2100 3854 2155 3896 ν.
2182 3836 2329 3894 infra
2350 3854 2405 3909 p.
2426 3839 2513 3895 48.

603 3938 649 4005 ⁸)
686 3936 958 3993 Albrecht
990 3936 1028 3991 l.
1055 3951 1103 3993 c.
1141 3941 1172 4004 θ
1196 3937 1286 3992 20.
