2771 4718
1480 348 1560 410 10

501 528 616 590 est.
685 523 849 589 Nam
889 523 1102 589 verbis
1135 523 1278 606 „die
1307 521 1635 588 hanthafte
1664 527 1759 589 tat
1787 523 1903 589 voi·
1932 519 2175 606 gei-ioht
2201 517 2520 590 bewisen“

496 638 868 725 plerumque
927 658 1058 704 non
1113 658 1190 704 ea
1247 637 1421 703 notio
1464 638 1663 721 inest,
1720 643 1793 704 ut
1844 637 2175 724 probetur,
2232 655 2412 702 reum
2454 635 2527 700 in

497 754 778 819 facinore
823 751 1280 838 deprehensum
1327 773 1485 836 esse,
1533 753 1644 819 sed
1688 759 1762 820 ut
1804 753 2016 820 delicti
2054 752 2339 834 vestigia,
2387 750 2525 834 qui-

497 869 759 936 buscum
806 866 1232 954 deprehensus
1273 869 1380 951 sit,
1427 869 1865 949 ostendantur3
1912 865 2125 959 {teque
2156 867 2349 933 verba
2382 866 2526 950 „die

497 985 824 1050 hanthafte
867 989 966 1049 tat
1009 981 1324 1049 bewisen“
1375 983 1637 1049 eandem
1670 984 1799 1050 vim
1828 983 2064 1050 habent
2110 987 2327 1066 atque}
2380 981 2525 1066 „die

497 1105 611 1165 not
639 1099 937 1183 bewisen‚
971 1099 1073 1164 die
1103 1099 1373 1164 wunden
1402 1098 1699 1182 bewisen,
1742 1099 1847 1164 die
1876 1098 2039 1164 dube
2068 1095 2407 1164 bewisen.“
2434 1131 2520 1144 ——

499 1215 678 1293 Quod
721 1215 812 1280 ita
857 1235 924 1281 se
967 1214 1200 1282 habere
1231 1233 1370 1280 enm
1405 1213 1737 1300 permultis
1770 1211 1912 1280 aliis
1943 1214 2099 1280 loeis
2130 1211 2523 1296 intelligitur,

498 1335 636 1395 tum
683 1349 764 1396 ex
809 1329 1021 1414 glossa
1065 1330 1146 1395 ad
1181 1330 1288 1414 jus
1309 1327 1589 1396 Weiehb.
1625 1335 1742 1395 art.
1776 1331 1859 1395 27
1910 1332 2213 1415 apparet,·
2246 1348 2372 1412 qua
2413 1347 2523 1393 vo-

496 1444 671 1510 cibus
734 1495 766 1529 „
787 1445 1148 1529 bewisunge
1169 1441 1201 1476 “
1262 1449 1328 1510 et
1387 1493 1420 1528 „
1438 1445 1831 1528 hanthaftige
1889 1441 2035 1510 tat“
2098 1443 2287 1530 plane
2352 1443 2523 1510 idem

491 1558 916 1643 significatur:
2462 1549 2469 1552 ’

638 1695 846 1759 „were
893 1675 1030 1741 abir
1075 1675 1157 1740 da
1200 1674 1592 1758 bewisunge‚
1650 1675 1789 1740 alzo
1834 1673 2227 1758 hanthaftige
2272 1679 2396 1757 tat,
2452 1694 2521 1740 so

375 1877 378 1880 ῃ
497 1789 592 1855 sal
650 1810 720 1856 er
775 1791 898 1857 den
941 1791 1248 1876 gefangen
1292 1790 1570 1873 brengen
1616 1811 1731 1856 vor
1774 1789 2052 1874 geriohte
2096 1790 2216 1856 mit
2259 1790 2371 1856 der
2414 1789 2521 1856 be-

489 1905 794 1988 wisunge,
843 1907 922 1970 do
965 1912 1134 1972 mete
1179 1925 1248 1972 er
1293 1924 1371 1970 en
1412 1905 1810 1976 ⁴obirwinden
1857 1903 2024 1971 wil.“
2144 1949 2151 1958 -

629 2025 692 2087 et
739 2021 884 2105 jure
931 2019 1102 2086 Gorl.
1151 2025 1266 2086 art.
1309 2023 1419 2085 13:
1472 2020 1652 2104 „und
1702 2039 1843 2086 mae
1884 2018 1999 2086 her
2044 2020 2145 2086 die
2188 2025 2285 2086 tat
2328 2021 2521 2088 oder

494 2137 595 2203 die
640 2140 752 2201 not
795 2133 1172 2202 bewiesen.“
2185 2132 2189 2135 ’

627 2250 832 2316 Erant
875 2255 1086 2316 autem
1129 2271 1245 2336 pro
1291 2249 1595 2317 vocabulo
1643 2250 2009 2335 „hanthafte
2040 2248 2175 2317 tat“
2210 2250 2339 2316 alia.
2364 2271 2517 2336 quo-

495 2388 618 2452 qne
644 2368 840 2434 verba
867 2368 934 2433 in
965 2388 1102 2450 usu,
1132 2386 1405 2451 quorum
1433 2366 1679 2453 Dreyer
1706 2366 1789 2448 (N
1790 2368 2026 2434 ebenst.
2054 2388 2116 2454 p.
2148 2368 2299 2449 124)
2330 2386 2520 2452 quae-

493 2482 641 2549 dam
687 2482 888 2567 affert,
936 2483 1162 2567 quibus
1207 2483 1499 2550 addenda
1543 2487 1719 2548 sunt:
2184 2573 2191 2579 ·

631 2598 1048 2683 „bliekender
1106 2595 1354 2684 sohyn“
1404 2597 1694 2679 (Soester
1742 2596 1941 2664 Skrae
1996 2596 2172 2681 533.
2236 2597 2518 2665 Seibertz

490 2713 568 2796 ΙΙ,
615 2734 678 2799 p.
715 2716 890 2798 392),
943 2713 1474 2798 „soheinberliche
1514 2711 1648 2779 tat“
1700 2712 1831 2797 (jus
1862 2719 1985 2780 vet.
2018 2712 2202 2796 Prag.
2238 2734 2293 2779 a.
2327 2715 2517 2779 1269.

494 2833 612 2895 art.
655 2830 799 2897 135.
853 2824 1158 2911 Rossler¹)
1204 2848 1267 2915 p.
1301 2828 1559 2913 xxvn),
1620 2828 1992 2913 „sehinbare
2048 2826 2291 2895 sehu1t“
2342 2826 2519 2911 (ordo

489 2943 620 3027 jud.
658 2946 765 3028 39,
798 2944 898 3027 2),
949 2943 1142 3027 „bare
1188 2941 1433 3010 sohult“
1483 2944 1653 3025 (stat.
1686 2942 1915 3010 Hamb.
1953 2964 2009 3009 a.
2050 2944 2237 3009 1270.
2268 2942 2375 3027 VI,
2415 2946 2513 3009 12.

487 3057 906 3146 Lappenberg
947 3079 1014 3145 p.
1046 3059 1156 3141 31)
1204 3063 1267 3125 et
1310 3058 1455 3125 alia.

623 3173 797 3240 Idem
829 3194 1074 3258 quoque
1097 3179 1220 3257 est,
1236 3175 1423 3257 ·qnod
1452 3174 1820 3260 saepissime
1852 3172 2206 3260 appellatur
2232 3172 2517 3257 „lissiohe

492 3286 896 3372 bewisinge“‚
941 3290 1011 3355 id
1055 3293 1153 3355 est
1195 3290 1689 3375 repraesentatio
1740 3288 1981 3371 delicti3
2034 3290 2102 3354 in
2148 3309 2275 3373 qua
2315 3292 2517 3355 totam

493 3404 803 3470 actionem
836 3404 913 3471 de
943 3404 1170 3471 delicto
1201 3404 1535 3471 manifesto
1570 3441 1650 3451 —-
1688 3424 1846 3491 quae
1878 3408 1942 3471 et
1968 3405 2114 3490 ipsa
2138 3402 2209 3469 in
2234 3404 2515 3471 fontibus

492 3520 655 3586 aetio
689 3520 1026 3587 manifesta
1059 3520 1288 3586 dieitur
1308 3556 1391 3565 —
1417 3520 1693 3607 positam
1728 3514 1921 3602 esse’)
1953 3520 2121 3586 infra
2142 3518 2512 3585 videbimus.

599 3687 644 3751 ¹)
680 3684 867 3740 Ueber·
902 3684 996 3740 die
1019 3684 1349 3755 Bedeutung
1383 3684 1499 3739 und
1524 3684 1893 3756 Behandlnng
1926 3684 2027 3741 der
2050 3682 2382 3741 Gesehiehte
2414 3683 2516 3741 des

489 3780 697 3837 Rechts
731 3781 790 3835 in
825 3780 1190 3837 Oesterreieh.
1244 3780 1489 3853 Anhang
1523 3783 1575 3837 3.

596 3878 642 3946 ²)
678 3878 920 3949 Egregie
956 3878 1028 3935 de
1061 3878 1166 3934 hae
1202 3894 1262 3934 re
1297 3877 1585 3934 Albreeht.
1622 3878 1658 3932 1.
1686 3892 1734 3934 e.
1770 3883 1802 3944 θ
1826 3879 1913 3933 18.
