2771 4718
1237 364 1314 429 15

273 580 280 590 -
389 536 458 607 Si
503 537 644 623 quis
689 536 886 620 igitur
928 536 1010 604 de·
1053 537 1176 604 alio
1220 537 1476 606 homine
1520 537 1861 608 clamorem
1898 539 2067 608 tollit
2094 577 2179 588 --
2212 542 2283 608 id

251 653 419 739 quod
457 653 668 721 fontes
711 653 932 724 dicunt
977 653 1162 736 „ubir
1191 673 1396 739 eynen
1426 653 1542 722 das
1570 655 1812 737 gerasto
1842 654 2157 724 erheben“
2190 691 2301 709 -—=

251 788 324 836 eo
369 769 510 856 ipso
565 767 748 842 illum
801 768 872 842 in
926 767 1152 838 delicto
1207 769 1547 838 manifesto
1602 789 1642 836 a
1696 790 1765 838 se
1821 770 2277 864 deprehensum

253 905 394 952 esse
439 883 736 966 declarat,
783 883 849 948 id
895 884 1065 968 quod
1111 883 1467 969 appellatur

388 1000 498 1084 „in
543 999 656 1069 der
681 999 1056 1070 hanthaften
1099 1004 1197 1066 tat
1223 998 1622 1083 bestedegeu,
1669 1000 1793 1066 mit
1818 947 1965 1070 <lem
1995 1001 2281 1085 gesehrei

247 1114 572 1198 besteuen,
617 1114 688 1180 in
719 1114 1160 1197 hauthaftiger
1203 1119 1300 1181 tat
1344 1113 1709 1182 hevesten.“
2036 1159 2054 1170 -

381 1229 674 1298 Clamore
698 1234 910 1298 autem
933 1229 1178 1298 sublato
1204 1229 1501 1298 delictum
1526 1231 1935 1300 manifestum
1956 1219 2281 1315 designari

253 1365 442 1430 quam
497 1345 774 1412 maxime
827 1344 1204 1427 intelligitur
1257 1345 1370 1413 illa
1427 1346 1671 1414 actione
1685 1395 1706 1430 ‚
1775 1367 1967 1432 quam
2034 1352 2277 1416 veteres

253 1457 619 1544 „anevang“
653 1458 962 1528 dicebant.
1033 1449 1344 1536 Quamdiu
1375 1461 1543 1526 enim
1588 1461 1665 1544 is,
1714 1463 1882 1547 apud
1906 1441 2098 1545 ⁸quem
2142 1481 2281 1528 rem

247 1580 532 1642 nostram
575 1575 948 1661 reperimus,
995 1575 1062 1648 ιιι
1097 1575 1409 1658 jndioium
1454 1575 1535 1642 ad
1571 1576 1677 1660 jus
1724 1596 1907 1646 suum
1938 1577 2279 1644 defenden-

249 1691 404 1760 dam
429 1689 648 1759 venire
673 1706 801 1758 non
829 1695 1098 1774 recusat„
1145 1691 1391 1758 tamdiu
1421 1691 1565 1772 dolo
1601 1696 1777 1760 earet
1804 1711 2009 1778 neque
2025 1691 2279 1758 elamor

248 1806 388 1875 tolli
431 1811 670 1892 potest3
719 1805 823 1880 sin
865 1810 1077 1874 autem
1123 1811 1393 1890 recusat,
1437 1826 1567 1874 non
1604 1806 1807 1874 solum
1844 1807 1977 1890 juri
2010 1827 2137 1873 suso·
2154 1806 2277 1872 dif-

246 1919 441 1990 fidere
487 1921 599 1992 sed
645 1921 836 1989 etiam
879 1920 1120 1991 fraudis
1167 1927 1238 1987 et·
1261 1921 1481 1991 delicti
1506 1922 1793 1990 conscius
1824 1941 1965 1988 esse
1992 1920 2274 2003 videam
2400 1905 2412 1912 “

246 2037 515 2121 ideoque
568 2037 688 2105 hoe
741 2056 896 2104 casu
939 2037 1046 2120 jus
1089 2055 1268 2122 prov.
1314 2036 1465 2104 Sex.
1512 2037 1615 2121 (Π,
1660 2040 1768 2121 36,
1802 2039 1867 2120 2)
1912 2056 2049 2104 rem
2094 2054 2277 2102 suam

248 2151 595 2222 vindicanti
637 2152 977 2238 praecipitt

387 2269 506 2352 „he
553 2268 712 2333 serie
755 2267 858 2333 ine
905 2268 1015 2333 dat
1057 2266 1354 2350 gerfiehte
1402 2286 1481 2332 an
1527 2266 1694 2332 unde
1736 2267 1919 2353 gripe
1946 2267 2019 2334 ,ιιι
2050 2287 2133 2332 an
2162 2287 2279 2334 vor

249 2385 428 2455 sinen
473 2384 624 2466 dies,
671 2382 804 2452 also
851 2383 922 2449 of
959 2383 1062 2449 die
1108 2383 1218 2449 dat
1261 2383 1555 2450 hanthaft
1596 2384 1653 2449 si
1668 2380 1771 2465 ¹).“

378 2499 602 2584 Itaque
655 2496 944 2585 pluribus
995 2498 1152 2565 locis
1167 2546 1186 2581 ‚
1245 2498 1395 2582 quia
1452 2498 1749 2566 delictum
1806 2516 1948 2565 eum
2002 2497 2276 2581 clamore

246 2615 436 2683 toties
479 2614 882 2698 conjunctum
925 2619 1044 2697 est,
1087 2612 1411 2684 malefieus
1453 2613 1557 2680 vel
1588 2613 1871 2679 oriminis
1900 2633 2047 2679 reue
2078 2613 2273 2696 signi·-

245 2728 469 2799 fioatur
522 2748 676 2799 voce
734 2778 768 2813 „
785 2729 896 2797 der
951 2728 1397 2813 beruehtigede
1448 2748 1601 2795 man
1617 2727 1649 2762 “
1707 2748 1869 2813 quae
1910 2749 2035 2796 vox
2082 2729 2275 2797 etiam

247 2847 416 2932 apud
459 2866 574 2912 nos
619 2844 890 2914 similem
933 2843 1128 2911 habet
1169 2845 1318 2913 vim.
1379 2904 1385 2912 .

380 2961 588 3039 Quum
629 2960 824 3043 igitur
867 2980 950 3025 ex
987 2958 1264 3027 elamore
1291 2978 1543 3045 semper
1574 2964 1931 3046 appareret,
1976 2959 2274 3027 delictum

245 3078 652 3145 commissum
697 3094 855 3158 esse,
902 3075 1018 3141 sub
1064 3095 1268 3160 poena
1307 3075 1620 3141 sancitum
1650 3081 1807 3159 erat,
1855 3095 1936 3142 ne
1966 3076 2105 3159 quis
2136 3075 2274 3141 sine

246 3212 438 3261 eausa
491 3212 636 3258 eum
693 3189 960 3257 tolleret.
1055 3188 1309 3257 Statuta
1351 3188 1779 3257 Goslariensia
1824 3196 1889 3257 et
1924 3188 2275 3257 Verdensia

246 3308 808 3394 praeseripserunt,
853 3311 927 3372 ut
971 3306 1082 3390 qui
1121 3311 1358 3375 temere
1390 3340 1475 3353 ·-
1512 3306 1623 3390 „in
1650 3306 2025 3389 bolghenem
2054 3307 2269 3388 mode;

243 3424 314 3489 in
357 3422 639 3509 sehimpe
683 3421 814 3492 und
858 3420 1036 3487 nieht
1065 3421 1268 3489 durch
1293 3419 1489 3489 noht“
1524 3456 1609 3467 --
1640 3421 1963 3505 clamaret,
2007 3421 2272 3489 multam

246 3544 435 3622 atque
478 3537 726 3606 fredum
769 3536 1176 3623 persolveret,
1225 3542 1289 3607 et
1333 3537 1678 3606 seeundum
1722 3541 1963 3605 statuta
1998 3536 2271 3602 civitatis

241 3653 670 3723 Leobschuetz
711 3651 1012 3735 (Boehme
1041 3652 1300 3740 diplom.
1331 3652 1526 3719 Beitr.
1557 3658 1710 3719 tom.
1735 3652 1813 3737 H,
1842 3672 1904 3738 p.
1940 3651 2047 3733 18)
2074 3652 2131 3717 is
2164 3652 2273 3736 qui

354 3902 394 3966 ¹)
433 3897 616 3966 Cropp
651 3897 689 3951 l.
717 3913 764 3963 c,
802 3913 858 3966 p.
885 3898 991 3952 274
1015 3913 1095 3967 eq.
