2771 4718
1267 370 1352 435 53

289 548 592 613 adversus
629 548 832 615 civem
860 547 931 613 in
957 546 1252 630 flagranti
1282 546 1511 614 delicto
1544 545 2064 635 comprehensum
2096 554 2321 616 testem

291 662 564 729 existere
607 681 826 748 posse:

423 778 592 845 Priv.
625 778 1047 847 Holzminden
1095 800 1260 846 anno
1301 780 1471 845 1245
1518 779 1555 863 ξ
1590 781 1631 845 8
1678 778 1979 864 (Gengler
2025 778 2320 863 Stadtr.):

291 894 558 979 „Nullus
619 894 862 963 alienus
905 896 1144 980 poterit
1185 895 1350 961 ferre
1394 895 1827 961 testimonium
1872 896 1937 961 in
1985 896 2127 980 ipsa
2170 896 2322 961 eivi-

285 1014 420 1075 tate
433 1059 451 1094 ,
510 1010 634 1075 nisi
691 1010 1084 1077 solummodo
1129 1031 1245 1097 per
1289 1010 1459 1077 eives
1505 1010 1807 1092 eivitatis3
1866 1011 1993 1077 nisi
2034 1011 2199 1077 forte
2244 1010 2323 1077 de

287 1124 566 1192 evidenti
611 1124 864 1192 eausa.“

423 1239 735 1308 Similiter
785 1242 1052 1308 lectione
1098 1242 1276 1308 varia
1311 1241 1476 1326 juris
1520 1240 1751 1307 Lubee.
1798 1242 2012 1307 codiee
2057 1240 2319 1307 Brokes.

285 1360 408 1421 art.
451 1358 584 1422 384
643 1356 852 1439 (Haeh
899 1378 962 1443 p.
997 1360 1168 1437 534)
1226 1358 1395 1423 cives
1439 1357 1833 1443 possidentes
1879 1357 2321 1440 disjunguntur

287 1492 328 1537 a
371 1492 498 1537 non
543 1472 1042 1558 possidentibus:
2281 1496 2293 1505 =

426 1586 665 1671 „Sohut
710 1588 820 1653 dat
861 1588 948 1674 by
991 1586 1173 1671 dage,
1221 1606 1292 1652 so
1314 1588 1553 1652 'moten
1599 1587 1709 1652 dat
1752 1587 2010 1653 beseten
2054 1586 2319 1670 borgere

283 1704 536 1787 tnegen‚
583 1702 738 1769 isset
767 1702 865 1767 ok
908 1702 994 1788 by
1021 1700 1250 1767 naehta
1279 1701 1569 1785 geschen‚
1618 1721 1689 1766 so
1719 1721 1950 1784 mogen
1980 1703 2091 1767 dat
2121 1703 2319 1769 erlike

282 1818 666 1885 unbesetene
709 1818 972 1901 borgere
1015 1814 1308 1900 tuegen.“

383 1933 568 2003 .Pari
611 1934 856 2000 ratione
899 1934 968 1999 in
1005 1934 1148 2017 jure
1181 1932 1503 1998 Culmensi
1551 1931 1680 2014 (ΙΙΙ,
1718 1932 1825 2011 75)
1873 1933 1927 1997 si
1975 1932 2053 1998 de
2088 1932 2315 2000 delicto

283 2049 620 2115 manifesto
651 2052 875 2131 agatur
905 2048 948 2115 J
948 2049 1180 2115 udaeos
1212 2052 1434 2113 eontra
1464 2046 1853 2113 Christianos
1884 2049 2317 2115 testimonium

284 2164 493 2230 dicere
544 2184 731 2251 posse
777 2164 1082 2247 traditur,
1140 2164 1294 2247 quin
1337 2164 1531 2228 etiam
1576 2162 1873 2229 mulieres
1917 2163 2027 2229 ubi
2072 2163 2150 2229 de
2196 2165 2317 2229 ori—

281 2279 455 2346 mine
483 2280 745 2346 violenti
775 2279 1140 2346 concubitus
1173 2285 1397 2364 agatur
1422 2278 1728 2345 admissas
1754 2297 1889 2345 esse
1903 2278 2047 2363 jure
2069 2277 2315 2347 Aureo-

283 2403 584 2471 montano
631 2395 693 2479 (ξ
732 2394 844 2477 13)
893 2396 1354 2481 comprobatur.
1426 2395 1893 2462 Commemorat
1921 2395 2189 2479 denique
2209 2395 2336 2479 jus,

281 2533 459 2600 prov.
487 2511 638 2578 Sax.
664 2511 772 2595 ΠΙ,
798 2513 905 2594 70,
933 2513 994 2594 2,
1025 2511 1094 2576 in
1123 2509 1423 2576 facinoris
1454 2511 1773 2577 manifesti
1804 2510 2051 2576 actione
2082 2511 2316 2578 omissa

284 2629 476 2695 etiam
521 2628 802 2712 gentium
835 2625 1348 2692 dissimilitudine
1379 2625 1695 2692 Saxonem
1724 2631 1945 2692 eontra
1965 2626 2313 2712 Venefflnn,

281 2743 610 2812 Venedum
655 2746 874 2807 contra
922 2740 1234 2808 Saxonem
1281 2746 1505 2808 testem
1556 2742 1903 2808 exstitisse:

420 2857 630 2942 „unde
670 2862 814 2924 mut
837 2857 913 2924 'ir
955 2857 1229 2922 ieweder
1275 2857 1384 2923 des
1430 2857 1705 2922 anderen
1736 2855 1911 2922 ordel
1939 2855 2167 2940 lieden‚
2215 2855 2315 2922 die

283 2975 420 3040 also
465 2993 789 3056 gevangen
833 2969 1149 3041 werden.“

419 3087 579 3154 Cum
623 3091 816 3153 testes
865 3086 1156 3170 aderant,
1213 3105 1322 3152 reo
1370 3086 1646 3153 assidere
1682 3087 1867 3170 jusso.
1907 3086 2314 3170 reliquiisque

284 3205 342 3270 ei
400 3202 715 3289 impositis
775 3205 946 3267 actor
1002 3200 1328 3287 prodibat,
1388 3207 1452 3266 et
1506 3203 1682 3285 eujus
1730 3201 1941 3267 delicti
1987 3222 2164 3266 reum
2213 3222 2313 3266 ar-

283 3323 504 3404 gueret
557 3318 791 3383 iterum
843 3316 1162 3403 professus
1208 3317 1397 3382 tactis
1440 3315 1724 3402 reliquiis
1771 3316 2311 3382 condemnandum

284 3423 451 3502 eum‘
476 3453 612 3500 esse
649 3431 924 3517 jurabat.
996 3430 1158 3497 Tum
1203 3437 1395 3498 testes
1419 3451 1589 3497 -vere
1635 3451 1779 3497 eum
1827 3431 2063 3496 dixisse
2108 3451 2311 3515 neque

281 3551 600 3640 pejerasse
648 3546 965 3633 jurabant.
1057 3545 1346 3633 Apparet
1404 3567 1481 3613 ex
1530 3547 1649 3630 eis,
1688 3539 1870 3631 'quae
1916 3545 2133 3612 ordine
2170 3544 2308 3631 jud.

284 3668 404 3749 32,
457 3667 538 3730 10
583 3669 648 3737 et
691 3664 809 3747 35,
855 3665 928 3746 6,
977 3661 1120 3746 jure
1165 3681 1340 3748 prov.
1379 3662 1526 3729 Sax,
1560 3658 1679 3746 ΠΙ,
1715 3663 1830 3758 88,
1881 3665 2025 3728 stat.
2062 3659 2306 3728 Goslar.

281 3801 346 3866 p.
373 3781 482 3864 36,
515 3782 618 3864 15,
651 3780 795 3864 jure
823 3777 874 3844 F
876 3777 1105 3861 riberg.
1137 3778 1236 3844 tit.
1270 3780 1348 3845 19
1382 3777 1628 3862 (Schott
1656 3798 1719 3864 p.
1748 3777 1923 3872 209),
1960 3777 2105 3860 jure
2136 3778 2305 3844 eivit.

280 3893 710 3962 Leobsohuetz
755 3893 1054 3976 (Boehme
1095 3891 1174 3977 Π,
1219 3913 1283 3978 p.
1323 3893 1462 3977 17),
1510 3897 1749 3976 quaest.
1780 3890 1989 3976 Magd.
2021 3892 2070 3976 Ι,
2108 3893 2210 3976 15,
2242 3892 2306 3975 5,
