2771 4718
1267 323 1350 385 65

305 498 812 565 demnandum
859 518 1030 565 esse
1071 518 1314 583 reum,
1369 518 1517 565 non
1566 520 1645 567 se
1687 500 1769 566 in
1814 498 2103 566 delicto
2151 518 2313 565 eum

304 613 926 701 deprehendisse
973 615 1495 701 Jurejurando
1546 621 1761 683 actor
1806 615 2157 700 sociique
2202 614 2313 681 af—

303 727 701 811 firmant¹).
766 729 942 808 Quod
986 731 1112 796 nisi
1154 731 1247 797 ita
1275 736 1461 817 esset,
1508 750 1649 799 eum
1689 732 1883 798 verba
1902 730 2313 816 jurisjurandi

300 847 474 933 ipsa:
526 846 678 930 „dat
719 846 798 912 he
841 847 954 914 der
989 846 1097 913 dat
1141 847 1427 930 schuldig
1472 845 1566 913 si“
1612 853 1747 913 tum
1774 868 1899 913 vox
1933 843 2311 931 „overg'an“‚

303 982 493 1048 quam
521 968 618 1029 tot
642 961 796 1028 locis
825 959 1198 1046 invenimu8‚
1241 963 1502 1033 minime
1532 963 1833 1050 explicari
1861 968 2095 1049 posset.
2149 960 2313 1027 Nam

299 1078 558 1146 vocibus
607 1098 940 1163 „mergam
986 1070 1394 1163 obirwinden,
1440 1080 1517 1145 uf
1556 1078 1739 1147 einen
1777 1075 2096 1163 brengen“
2135 1097 2313 1143 reum

297 1215 426 1261 non
472 1194 830 1261 testimonio
877 1196 986 1261 sed
1033 1197 1346 1262 sententia
1390 1197 1617 1261 actoris
1663 1196 2065 1261 condemnari
2107 1199 2314 1260 osten-

301 1311 488 1395 ditur,
517 1316 591 1376 ut
611 1310 822 1377 verbis
848 1316 1147 1395 „untgam
1179 1312 1552 1395 unsehuldig
1574 1311 1845 1395 werden,
1880 1311 2011 1376 sich
2035 1308 2308 1394 weren‚“

303 1428 524 1513 quibus
570 1427 886 1493 contraria
928 1428 1100 1493 not-io
1147 1428 1429 1512 subjecta
1471 1433 1585 1511 est,
1614 1406 1760 1494 'non
1806 1446 1985 1493 reum
2018 1426 2313 1493 delictum

299 1542 556 1609 infitiari
602 1542 711 1608 sed
755 1542 1150 1611 innocentem
1197 1564 1265 1609 se
1297 1543 1601 1629 praebere
1633 1548 1694 1609 et
1725 1544 2181 1637 accusationem
2212 1563 2313 1609 re—

292 1658 530 1745 pellere
575 1656 980 1742 signifieatur.
1105 1726 1114 1741 ,

435 1774 522 1840 Ut
569 1774 766 1859 igitur
807 1780 1124 1860 postremo
1169 1774 1382 1840 omnia
1426 1794 1587 1859 quae
1630 1793 1824 1860 supra
1868 1774 2131 1859 exposui
2174 1773 2314 1841 bre-

292 1892 456 1958 viter
501 1888 1055 1977 eomprehendam,
1116 1891 1410 1957 actoris
1448 1892 1931 1975 juramentO,
1987 1910 2137 1955 non
2185 1890 2310 1955 de—

291 2007 477 2073 licti
517 2006 880 2090 vestigiis
925 2027 1138 2073 reum
1184 2007 1689 2073 condemnari
1735 2011 2083 2093 apparet.
2147 2005 2305 2071 Num

293 2123 603 2207 quomodo
661 2122 962 2209 explicari
1017 2128 1260 2207 posset,
1327 2123 1663 2208 perpaucis
1722 2127 1968 2187 tantum
2027 2122 2309 2205 vestigiis

293 2240 591 2324 inventis,
647 2243 721 2304 ut
762 2240 828 2304 in
875 2238 1139 2305 crimine
1184 2238 1445 2304 violenti
1490 2238 1885 2322 concubitus,
1933 2230 2117 2303 'reum
2162 2257 2309 2303 eon-

293 2355 596 2440 demnffl,
643 2354 768 2420 nisi
813 2356 1042 2422 actoris
1075 2356 1472 2440 jurijurando
1502 2361 1683 2422 tanta
1712 2354 1807 2421 vis
1838 2354 2075 2421 tributa
2104 2353 2307 2420 esset?

289 2471 718 2556 Requiruntur
755 2477 970 2540 tamen
1016 2471 1407 2559 plerumque,
1462 2477 1535 2538 ut
1578 2472 1773 2538 actori
1809 2470 2065 2556 jurandi
2108 2469 2306 2536 facul-

289 2593 386 2654 tas
433 2588 765 2672 tribuatur,
811 2589 1096 2672 vestigia,
1145 2588 1370 2673 quibus
1416 2587 1843 2654 deficientibus
1888 2586 1988 2652 vel
2033 2586 2305 2652 clmnore

289 2693 540 2790 quidem
595 2693 720 2769 nen
781 2703 1026 2770 sublato
1074 2739 1154 2750 ·—
1209 2723 1395 2789 quem
1453 2725 1560 2770 reo
1617 2704 1825 2770 vincto
1882 2703 1949 2768 in
1994 2702 2303 2787 judicium

288 2819 588 2906 perducto
645 2818 929 2886 sufficere
987 2811 1181 2906 supra
1241 2819 1477 2896 dictum
1524 2824 1629 2886 est·
1678 2855 1761 2866 -—
1821 2839 1965 2884 reus
2010 2838 2123 2884 suo
2160 2818 2304 2901 jure

397 2997 438 3062 ¹)
476 2994 712 3066 Egregie
750 2995 887 3050 dieit
921 2995 1131 3050 Haenel
1178 2995 1624 3064 (Beweissystem
1662 2995 1759 3050 des
1796 2993 2301 3062 Saehsenspiegels)

284 3108 340 3162 p.
367 3093 463 3146 58:
500 3091 728 3162 „Immer
765 3091 974 3161 sprieht
1009 3093 1099 3146 die
1124 3093 1308 3146 Partei
1344 3092 1518 3147 selbst
1552 3091 1651 3147 das
1675 3091 2100 3146 entseheidende
2126 3091 2301 3159 Wort,

285 3188 392 3245 ihr
427 3187 702 3246 Urtheil
739 3189 814 3244 ist
849 3189 960 3245 die
997 3189 1395 3260 Grundlage
1431 3189 1529 3244 des
1565 3205 1777 3259 ganzen
1814 3188 2174 3258 Verfahrens,
2220 3189 2301 3244 sie

282 3286 682 3344 bewahrheitet
728 3286 982 3344 dasselbe
1029 3288 1132 3342 mit
1177 3287 1301 3343 dem
1349 3287 1660 3356 Hoehsten,
1704 3303 1819 3342 was
1862 3289 1942 3343 sie
1988 3303 2055 3342 zu
2102 3285 2297 3341 liefern

283 3401 536 3456 ver-mag,
573 3385 677 3440 mit
711 3384 884 3443 ihr-em
922 3385 1078 3441 Eide.
1145 3386 1224 3442 Zu
1260 3385 1467 3442 diesem
1504 3385 1751 3442 Urtheile
1784 3390 1965 3442 treten
2001 3384 2173 3441 daher
2206 3384 2297 3442 die

287 3482 582 3554 Gezeugen
619 3499 726 3541 nur
759 3484 844 3540 als
869 3482 1055 3552 Hfilfe,
1091 3484 1172 3540 sie
1209 3483 1390 3552 geben
1426 3482 1537 3541 ihm
1576 3483 1677 3538 mit
1711 3481 1885 3538 ihrem
1915 3481 2159 3540 Urtheile
2195 3498 2299 3538 nur

281 3579 512 3644 ⁴orlwhto
539 3579 704 3639 Kraft
738 3581 851 3638 und
876 3581 1290 3650 Wirksamkeit‚
1327 3581 1501 3636 damit
1535 3597 1596 3636 es
1630 3580 1721 3635 die
1758 3579 2298 3650 entgegensteheude

281 3677 653 3749 Behauptung
687 3680 786 3735 der
809 3679 1178 3750 Gegenpartei
1213 3677 1458 3735 aufhebe
1496 3678 1608 3733 und
1632 3677 1870 3748 besiege.
1928 3677 2020 3734 Sie
2044 3677 2169 3734 sind
2192 3694 2296 3732 nur

281 3776 370 3832 die
394 3776 672 3833 Gal-auten
708 3777 1028 3849 derjenigen
1055 3777 1332 3848 Gai-antio,
1368 3776 1461 3832 die
1496 3767 1667 3832 sehon
1704 3776 1779 3831 im
1814 3775 1953 3832 Eide
1990 3775 2089 3832 der
2110 3776 2293 3832 Partei

278 3872 559 3931 euthalten
595 3874 715 3931 ist.“

1834 3979 1871 4036 5
