2771 4718
1251 417 1336 478 49

269 589 388 656 her
408 589 576 656 doch
610 611 728 656 vm:
757 589 1036 672 geriehte
1077 589 1256 675 nicht
1297 591 1531 658 komen
1554 591 1706 658 und
1749 590 1981 674 klagen
2011 611 2139 658 van
2180 613 2299 660 un-

268 705 445 770 kraft
473 705 658 772 ⁴sinen
701 705 870 772 lib'es'
907 755 922 774 .
1059 707 1191 774 und
1235 707 1453 772 komet
1486 707 1635 790 'jene
1680 727 1831 772 man
1874 707 1977 774 die
2020 708 2126 772 ine
2168 712 2307 792 erat

269 819 562 886 wundete
617 821 734 886 mit
767 821 962 889 ‘einer
1007 821 1256 888 vrevele
1298 813 1450 888 v'ore
1506 821 1639 888 und
1682 821 1885 905 klage.
1958 823 2061 888 die
2106 823 2307 890 ander

271 955 354 1000 an
399 935 580 1002 deme
625 935 736 1002 der
775 937 990 1004 vriede
1036 942 1168 1003 erst
1209 936 1563 1020 gebrechen
1604 941 1770 1003 wart
1810 937 1995 1004 kome
2040 959 2125 1005 na
2168 939 2304 1005 und.

268 1049 457 1133 klag'e
511 1050 622 1118 des
678 1051 894 1120 selben
947 1057 1124 1136 tages
1177 1053 1247 1119 in
1302 1053 1416 1119 der
1458 1051 1933 1119 hanthaften
1984 1059 2097 1120 tat.
2167 1054 2303 1120 und

271 1165 502 1232 &wisa
553 1167 656 1233 die
698 1172 812 1233 not
855 1168 986 1234 und
1029 1169 1320 1255 geziuget
1363 1168 1483 1234 daz
1528 1167 1649 1234 mit
1692 1169 1875 1238 sinen
1922 1168 2305 1236 schreiluten

271 1281 391 1346 daz
435 1282 550 1348 her
580 1282 702 1349 den
731 1283 922 1350 vrede
961 1305 1052 1350 an
1093 1285 1222 1350 ime
1265 1283 1619 1366 gebroehen
1660 1283 1823 1350 habe
1848 1284 2002 1352 und
2043 1285 2149 1350 die
2194 1306 2303 1352 ur-

269 1395 386 1462 haf
425 1398 608 1481 jenes
647 1419 817 1466 were
874 1399 1006 1464 und
1056 1400 1158 1465 sin
1217 1399 1409 1466 nieht.
1487 1399 1801 1484 geziuget·
1836 1399 1969 1464 hera
1997 1400 2115 1466 daz
2152 1400 2304 1465 Ialse

268 1513 448 1578 recht
501 1515 605 1580 ist.
673 1514 794 1580 her
847 1514 1162 1597 gewinnet
1215 1516 1467 1599 jeneme
1518 1515 1623 1582 'die
1678 1519 1893 1581 ersten
1947 1514 2139 1598 klage
2196 1535 2297 1601 ap.

269 1628 638 1696 vornaehtet
681 1630 794 1696 her
831 1631 894 1696 iz
942 1630 1092 1696 aber
1127 1622 1207 1696 so¹
1243 1650 1322 1696 ne
1368 1629 1551 1696 mach
1590 1630 1710 1696 her
1740 1631 1851 1696 des
1896 1629 2071 1696 nieht
2096 1627 2297 1698 ,tun.“

333 1727 336 1731 ’
403 1745 580 1812 Idam
619 1745 776 1812 dicit
809 1747 916 1830 jus
945 1745 1146 1813 euim„
1182 1744 1286 1830 ΠΙ,
1321 1747 1384 1811 3.
1440 1746 1517 1812 of.
1550 1745 1743 1812 nise„
1770 1745 1879 1829 Ν,
1912 1766 1963 1813 0.
1992 1747 2033 1812 2
2066 1745 2210 1812 dist.
2234 1747 2297 1810 3.

273 1857 641 1927 Stat..Gosl.
686 1882 750 1948 p.
785 1863 892 1946 35,
927 1864 987 1928 2.

343 2022 348 2030 -
401 1975 531 2043 His·
563 1977 720 2044 loeis
757 1947 1094 2061 defletum,
1147 1976 1231 2042 de
1278 1997 1403 2061 qno
1448 1977 1688 2060 agitur,
1736 1975 2145 2042 manifestum
2190 1994 2305 2061 ap-

269 2091 496 2178 pellari
540 2093 900 2159 mirandum
945 2113 1074 2158 non
1119 2097 1232 2158 est.
1296 2092 1463 2158 Nam
1510 2092 1883 2158 etsi-neuter
1912 2092 2160 2158 'vinetus
2190 2091 2309 2156 ad*

268 2207 796 2293 haerentibusque
839 2209 1138 2274 facinoris
1183 2208 1533 2294 perpetrati
1564 2207 1849 2290 vestigiis
1890 2207 1957 2272 in
1992 2207 2305 2290 judicium·

270 2322 582 2390 deductus·
619 2325 745 2408 sit,‘
769 2324 930 2409 quin·
964 2325 1162 2393 etiam
1207 2321 1316 2391 ille
1357 2327 1532 2390 aetoi·
1562 2323 1814 2406 existat,
1862 2341 2051 2409 quem
2080 2327 2307 2409 postea.

270 2438 486 2505 delicti
527 2444 706 2507 re‘um
750 2439 890 2505 fieri
933 2440 1256 2523 videmuS‚
1313 2439 1723 2505 nihilominus
1770 2438 1869 2504 de·
1892 2437 2119 2505 delicte
2164 2458 2301 2502 ma-

268 2555 497 2621 nifesto
557 2556 659 2639 agi
716 2575 900 2642 posse
946 2556 1223 2621 videtur:
1285 2575 1437 2619 nam
1495 2553 1696 2639 ipsius
1748 2554 1911 2637 ejus„
1973 2553 2083 2637 qui
2124 2553 2309 2638 priot·

261 2670 541 2754 judicem
588 2672 778 2756 adiit,
835 2671 1226 2754 narratione,
1275 2670 1465 2735 simul
1510 2668 1677 2735 ultro
1726 2689 1797 2735 eo
1845 2674 2176 2755 praesente
2222 2669 2299 2733 de

271 2806 392 2869 quo
441 2788 744 2871 queritur,
791 2806 867 2853 ea
912 2787 1245 2873 explentur
1282 2806 1443 2870 quae
1488 2786 1713 2851 ceteris
1760 2783 2009 2849 casibus
2052 2804 2125 2849 eo
2166 2782 2299 2849 effi-

268 2901 540 2986 ciuntur,
585 2906 660 2968 ut
701 2921 848 2969 reus
877 2896 1193 2969 vinciatur
1221 2902 1591 2985 vinctusque
1634 2900 1853 2965 statim
1894 2899 1963 2964 in
1990 2899 2298 2983 judicium

266 3017 682 3103 producatur3
745 3020 812 3084 in
867 3024 1134 3103 utroque
1180 3018 1344 3083 enim
1397 3036 1547 3083 casu
1593 3020 1796 3081 totum
1842 3014 2140 3081 delictum
2185 3033 2298 3100 ap-

267 3139 452 3218 paret
497 3138 560 3203 et
591 3139 736 3200 ante
782 3134 994 3200 oeulos
1037 3134 1312 3219 ponitur.

399 3248 566 3315 Reus
615 3254 826 3316 autem
869 3251 1002 3329 vim
1048 3251 1116 3315 'se
1160 3248 1567 3335 propulsasse
1614 3247 1957 3314 seeundum
1995 3246 2101 3330 jus
2135 3245 2297 3312 Vra·
2366 3276 2373 3283 ·

265 3364 631 3433 tislaviense
689 3366 753 3431 et'
799 3365 1130 3433 Culmense
1189 3370 1253 3432 et
1296 3364 1791 3431 Distinetionum
1847 3361 2079 3428 librum
2134 3366 2297 3429 met-

267 3480 594 3565 septimuS,
642 3482 986 3547 seeundum
1031 3486 1268 3547 statuta
1297 3479 1729 3546 Goslariensia
1754 3478 1998 3547 duobus
2028 3477 2295 3575 testibus

268 3594 565 3662 adhibitis
611 3597 856 3683 probat.
1711 3664 1715 3668 ,

403 3710 528 3778 Sed
585 3712 661 3779 de
718 3713 838 3780 hae
867 3713 1287 3797 defensione,
1348 3732 1473 3797 qua
1524 3711 1737 3777 delicti
1780 3710 2103 3779 manifesti
2147 3730 2293 3779 reus

264 3828 483 3910 utitur,
511 3828 853 3899 haetenus.
944 3828 1260 3912 Sequitur,
1306 3832 1380 3893 ut
1424 3827 1501 3892 de
1549 3826 1749 3893 altera
1791 3825 1913 3895 illa.
1946 3828 2291 3910 videamu8‚

265 3944 444 4027 eujus
497 3945 736 4011 mentio
792 3943 866 4010 fit
919 3945 1140 4011 ordine
1185 3944 1328 4028 jud..
1365 3962 1504 4029 eap.
1536 3945 1643 4009 43.
1738 3942 2061 4009 Interdum
2110 3942 2293 4017 ‚enim

1866 4053 1901 4108 4
