2771 4718
1456 355 1544 416 12

490 548 716 614 passus
763 534 920 613 erat,
967 533 1077 594 aut
1122 529 1477 613 quicunque
1522 528 1683 596 forte
1730 527 1967 612 aderat,
2014 528 2535 615 deprehendendi

490 643 760 711 malefici
793 649 1180 730 potestatem
1225 643 1527 727 habebat,
1582 648 1656 708 ut
1698 643 1807 708 ille
1842 643 2019 727 justa
2062 663 2267 730 poena
2310 642 2535 710 affice-

489 765 685 826 retur.

623 874 740 940 Jus
765 873 967 940 Culm.
993 872 1282 956 (Leman)
1307 873 1385 958 V,
1416 876 1496 940 37
1532 873 1571 957 ξ
1596 876 1667 939 2:
1704 872 1993 958 „begryft
2022 871 2137 940 her.
2158 873 2270 940 der
2290 873 2533 941 rouber

491 1010 696 1076 eynen
754 991 868 1056 her
919 1009 1068 1072 mag
1123 1009 1202 1055 en
1246 989 1369 1055 wol
1414 1009 1576 1056 voen
1633 1008 1751 1054 ane
1790 987 2073 1071 ‘gerichte
2118 989 2248 1058 und
2292 989 2385 1055 sal
2430 1009 2531 1075 yn

489 1125 604 1172 vor
657 1105 780 1170 den
821 1104 1056 1171 richter
1097 1101 1344 1170 furen.“

625 1219 795 1288 Ordo
831 1220 1026 1304 judic.
1061 1221 1168 1303 32,
1201 1221 1261 1285 6.

625 1317 1068 1420 Compluribus
1124 1335 1192 1399 in
1249 1333 1505 1400 statutis
1560 1333 1829 1398 violatus
1884 1333 2077 1398 etiam
2118 1332 2363 1415 legibus
2409 1333 2529 1398 ad-

491 1451 751 1516 strictus
795 1455 963 1533 erat,
1021 1455 1094 1514 ιιι
1136 1453 1465 1516 nocentem
1512 1453 1623 1514 aut
1665 1449 1805 1534 ipse
1850 1447 2372 1532 deprehenderet,
2416 1448 2527 1514 vel

492 1565 766 1631 clamore
811 1564 1057 1630 sublato
1089 1565 1328 1630 vicinos
1364 1569 1755 1646 convocaret,
1802 1568 1875 1628 ut
1904 1562 2442 1649 deprehenderent
2454 1561 2521 1644 ¹).

492 1679 977 1766 Deprehendere
1007 1685 1216 1746 autem
1247 1679 1479 1746 licebat
1508 1676 1862 1744 maleficum
1894 1678 2113 1761 quovis
2136 1677 2295 1762 loco,
2326 1679 2526 1745 etiam

491 1815 690 1860 sacro.

630 1908 788 1976 Stat.
823 1908 994 1975 Gosl.
1031 1908 1405 1990 (Goeschen)
1433 1929 1496 1994 p.
1523 1910 1631 1991 40,
1666 1909 1739 1973 9:
1781 1906 2042 1991 „Brickt
2068 1929 2149 1974 en
2179 1908 2301 1975 den
2330 1908 2527 1975 vrede

491 2025 559 2090 in
617 2025 728 2091 der
784 2025 1027 2090 kerken
1077 2025 1198 2090 mit
1241 2025 1405 2090 diive
1450 2022 1600 2088 oder
1644 2023 1763 2088 mit
1804 2023 2191 2090 vredebrake
2236 2023 2387 2090 oder
2430 2043 2523 2109 up

491 2140 674 2207 deme
732 2139 1082 2223 kerkhove,
1141 2141 1214 2206 of
1261 2159 1407 2206 men
1466 2139 1625 2205 dene
1683 2139 1799 2206 dar
1853 2138 2079 2223 upholt
2120 2139 2285 2204 unde
2328 2138 2397 2204 in
2440 2138 2525 2204 de

493 2255 718 2322 haehte
763 2255 1021 2338 bringkt
1060 2304 1075 2319 .
1103 2305 1120 2320 .
1150 2305 1165 2320 .
1211 2255 1326 2320 dar
1370 2273 1452 2318 ne
1499 2254 1649 2338 deyt
1692 2272 1838 2318 men
1882 2273 2087 2320 nenne
2128 2253 2327 2320 broke
2370 2250 2517 2318 auf

629 2369 700 2437 Si
744 2390 892 2437 vero
941 2371 1080 2457 quis
1110 2392 1286 2437 reum
1320 2370 1785 2456 deprehendere
1816 2369 2083 2453 volebat,
2132 2374 2279 2437 ante
2308 2370 2522 2435 omnia.

495 2487 923 2553 necessarium
969 2486 1028 2553 ei
1069 2487 1210 2569 fuit,
1258 2490 1330 2551 ιιι
1372 2485 1713 2551 clamorem
1742 2485 2010 2569 tolleret,
2056 2485 2165 2569 qui
2194 2485 2519 2553 dicebatur

499 2602 803 2685 „gerufte,
828 2602 1069 2685 ruchte,
1091 2601 1371 2684 ruochte,
1388 2600 1943 2687 wapenscreiinge,
1967 2600 2297 2684 schrichte,
2316 2620 2520 2686 scrye,

493 2716 796 2783 scruchte.
809 2714 842 2747 “
912 2716 1062 2781 Alia
1106 2717 1364 2783 nomina
1407 2716 1647 2781 confert
1674 2714 1919 2802 Dreyer
1948 2716 2267 2796 (Nebenst.
2293 2737 2355 2802 p.
2384 2717 2517 2797 80).

494 2831 688 2916 Cujus
731 2831 1026 2898 clamoris
1073 2831 1306 2917 duplex
1352 2835 1491 2898 erat
1532 2848 1741 2897 causa.
1810 2830 2089 2897 Primum
2124 2832 2295 2897 enim
2324 2852 2397 2898 eo
2428 2832 2521 2897 ef·-

490 2946 837 3030 ficiebatur,
883 2951 956 3012 ut
977 2946 1191 3012 .v·icini
1237 2946 1320 3011 ad
1347 2946 1654 3012 auxilium
1683 2946 2011 3013 ferendum
2042 2947 2517 3015 advocarentur.

491 3062 692 3141 Quam
739 3061 818 3127 ob
864 3081 1122 3127 causam
1165 3061 1503 3127 clamorem
1551 3061 1691 3127 aliis
1738 3082 1985 3148 quoque
2028 3062 2416 3149 temporibus
2446 3068 2523 3128 ιιι

491 3178 684 3243 vicini
730 3181 1166 3253 succurrerent
1211 3176 1527 3242 sublatum
1575 3197 1713 3243 esse
1755 3176 2054 3261 legimus,
2108 3181 2181 3243 ut
2224 3179 2281 3243 si
2326 3198 2548 3263 aqua--

493 3312 632 3357 rum
681 3292 880 3358 moles
923 3292 1202 3358 instabat
1245 3293 1583 3378 (jus-prov,
1613 3292 1760 3358 Sax.
1794 3292 1872 3376 H,
1904 3296 2011 3376 56,
2051 3294 2132 3377 1),
2180 3294 2235 3359 si
2265 3292 2521 3380 appari-

489 3408 614 3473 tori
656 3392 1066 3475 resistebatur
1109 3407 1270 3489 (eod.
1303 3407 1411 3491 ΠΙ,
1438 3408 1549 3491 56,
1584 3407 1670 3491 2),
1713 3408 1773 3473 si
1818 3408 2002 3476 aedes
2048 3409 2383 3476 damnatae
2422 3409 2519 3475 di-

489 3523 832 3591 ruebantur
879 3522 1040 3601 (eod.
1073 3522 1181 3605 HI,
1213 3525 1320 3606 68,
1356 3524 1445 3607 2),
1490 3523 1548 3588 si
1590 3523 1659 3588 in
1704 3543 1956 3606 gregem
1994 3523 2133 3611 lupi
2159 3524 2517 3591 latronesve

487 3638 887 3705 invadebant.
923 3636 1101 3715 Quod
1129 3656 1272 3703 cum
1302 3636 1512 3721 fiebat,
1535 3643 1753 3723 pastor
1784 3638 1977 3705 etiam
2006 3640 2089 3705 ad
2116 3640 2514 3707 clamandum

599 3796 641 3859 ι)
679 3792 818 3847 Stat.
857 3795 1039 3847 Brem.
1088 3797 1191 3847 art.
1221 3794 1322 3847 126
1369 3792 1639 3858 (Oelrichs
1684 3810 1736 3862 p.
1770 3793 1909 3862 144).
1978 3794 2117 3851 Stat.
2166 3796 2301 3851 Cell.
2348 3798 2511 3851 art.9

492 3880 824 3947 (Pufendorf
851 3881 998 3938 obss.
1035 3887 1170 3937 tom.
1194 3880 1264 3950 11,
1300 3895 1356 3949 p.
1389 3882 1494 3948 14).
