2771 4718
1438 409 1523 472 50

465 582 754 650 clientem
799 587 1061 670 propter
1105 589 1376 651 aetatem
1420 584 1522 651 vel
1566 589 1826 672 propter
1868 583 2147 651 furorem
2188 600 2493 650 excusan-

465 698 615 764 dum
653 719 806 794 >esse
850 700 1213 785 prolocutor
1257 699 1663 766 demonstrat.
1679 750 1705 758 ..
1754 699 1989 786 Pupilli
2010 700 2203 766 onim
2248 697 2351 764 vel
2393 697 2493 762 fu-

461 815 616 880 riosi
672 817 726 880 si
781 815 994 880 delicti
1050 816 1372 882 manifesti
1428 820 1831 899 accusantia-3
1894 837 1939 881 a
1982 815 2196 899 judice
2250 817 2493 879 tutores

463 931 788 1016 accipiunt
829 931 933 996 vel
978 930 1056 996 ab
1105 931 1263 1014 alio,
1323 931 1433 1015 qui
1476 935 1700 1016 sponte
1747 950 1885 996 sese
1926 929 2219 1016 praebet,
2278 927 2493 994 defen-

463 1043 714 1112 duntur.
787 1045 908 1123 Qui
951 1051 1289 1132 postquam
1334 1066 1555 1112 causas
1601 1051 1861 1132 propter
1908 1064 2063 1130 quas
2102 1061 2309 1130 poena
2334 1041 2495 1110 libe-

459 1161 644 1228 randi
689 1161 818 1226 sint
863 1162 1186 1248 exposuit,
1235 1161 1403 1247 quod
1447 1161 1725 1247 pupillus
1771 1161 2211 1226 duodecimum
2256 1177 2495 1223 annum

459 1277 740 1342 nondum
783 1277 1153 1362 expleverit,
1199 1277 1473 1342 furiosus
1520 1276 1649 1342 doli
1692 1297 1820 1342 non
1856 1276 1947 1342 sit
1976 1293 2183 1360 capax
2212 1307 2295 1318 --
2324 1291 2493 1358 quae

458 1411 560 1457 res
605 1393 830 1476 judicis
876 1397 1064 1477 atque
1109 1411 1224 1458 sex
1263 1394 1547 1458 virorum
1578 1392 1938 1458 testimonio
1970 1388 2277 1456 affirmm
2304 1387 2495 1454 debet

461 1541 538 1554 -—·
593 1508 688 1573 rei
741 1527 950 1594 poena
999 1505 1260 1593 capitali
1305 1527 1433 1573 non
1476 1505 1865 1592 afficiuntur,
1926 1506 2037 1572 sed
2078 1503 2493 1590 werigeldmn

457 1627 705 1689 tantum
751 1623 940 1688 occisi
987 1623 1258 1688 solvunt.
2078 1623 2083 1630 ’
2146 1674 2153 1682 .

591 1737 806 1804 Tertia
834 1738 1103 1823 denique
1135 1738 1417 1804 defensio
1448 1742 1563 1822 est7
1612 1738 1777 1822 quod
1806 1743 2137 1804 accusans
2168 1737 2493 1804 ccntmdit

456 1874 606 1919 casu
653 1889 736 1899 ——
789 1874 951 1937 „ane
997 1855 1177 1919 sinen
1223 1854 1468 1939 willen‚
1514 1874 1639 1919 van
1686 1852 2073 1955 ungelucke,
2118 1851 2490 1920 undankes“

457 2003 540 2016 ——-
574 1991 644 2036 se
673 1967 876 2034 alium'
904 1969 1222 2035 occidisse.
1285 1969 1487 2047 Quam
1516 1989 1651 2036 rem
1682 1974 2018 2056 postquam
2050 1969 2489 2056 nietsep‘timus

456 2085 892 2170 comprobavit
939 2115 1018 2132 ω*
1069 2085 1135 2150 id
1192 2085 1366 2170 quod
1415 2091 1552 2152 tum
1604 2085 1809 2151 solum
1856 2085 1915 2150 ei
1956 2084 2219 2168 licebat,
2280 2085 2335 2150 si
2380 2085 2491 2150 dc·-

454 2200 674 2266 lictum
731 2221 799 2266 se
859 2202 1250 2266 commisisse
1301 2202 1521 2267 statim
1574 2201 1899 2267 confessus
1957 2206 2095 2266 erat
2140 2233 2223 2246 --
2284 2220 2493 2286 poma

456 2317 682 2403 capitis
727 2315 1032 2383 liberatus
1079 2317 1268 2382 occisi
1303 2315 1721 2399 werigeldum
1764 2315 2087 2402 persolvit.

587 2432 762 2498 Ordo
797 2433 934 2517 jud.
967 2435 1087 2515 44,
1126 2435 1182 2498 1.
1254 2430 1332 2499 cf.
1369 2430 1529 2497 Stat.
1560 2430 1732 2497 Gosl.
1776 2452 1839 2517 p.
1874 2436 1994 2514 41,
2036 2436 2089 2497 1.
2150 2430 2345 2497 Distt.
2378 2430 2489 2515 tv,

457 2566 508 2613 c.
543 2544 608 2632 5,
657 2549 802 2615 dist.
839 2552 898 2615 3.

1379 2732 1419 2814 ξ
1460 2735 1558 2798 10.

549 2870 874 2950 Quomodo
932 2892 1074 2934 reu-s·
1118 2890 1242 2953 per
1299 2878 1565 2931 actorem
1612 2868 2007 2933 convincatur
2050 2868 2399 2953 emponitur.

1161 2983 1265 3049 De
1307 2983 1491 3047 sociis
1536 2983 1776 3047 actori-5.

593 3123 717 3190 Sed
760 3127 1041 3188 revertar
1088 3142 1160 3186 eo
1205 3122 1370 3187 unde
1417 3141 1719 3205 egressus⁸
1754 3141 1912 3186 sum.
1982 3121 2149 3187 Reus
2188 3122 2297 3207 qui
2323 3122 2491 3189 nihil

395 3264 401 3271 ·
460 3239 537 3304 ad
597 3259 664 3305 se
723 3236 1178 3303 defendendum
1237 3236 1597 3321 proferebat
1654 3237 1779 3303 nisi
1838 3238 2005 3321 quod
2059 3258 2129 3303 se
2186 3237 2485 3303 delictum

413 3412 416 3415 ,
459 3354 845 3420 commisisse
873 3350 1166 3434 negabat,
1206 3352 1364 3417 nihil
1393 3340 1779 3437 proficiebat,
1825 3353 1937 3418 sed
1969 3352 2047 3419 ab
2078 3358 2289 3421 actore
2311 3354 2489 3437 jure—

447 3469 720 3554 jurando
769 3486 912 3533 cum
955 3467 1142 3533 sociis
1156 3463 1196 3549 ¹)
1245 3468 1390 3534 dato
1437 3469 1939 3535 convincebatur.

567 3753 606 3815 l)
645 3748 828 3818 Acti0‚
867 3765 1008 3817 quae
1045 3748 1116 3804 ab
1152 3754 1336 3805 actore
1373 3748 1494 3805 sine
1520 3750 1688 3805 sociis
1713 3750 2117 3820 intendebatur,
2155 3766 2355 3806 nomen
2392 3749 2489 3806 ha·

457 3846 627 3903 bebat
660 3846 899 3917 „slechte
935 3846 1124 3917 clage“
1162 3847 1252 3902 vel
1287 3846 1628 3918 „eynliczige
1664 3846 1868 3916 clage“,
1914 3862 2093 3915 eaque
2130 3864 2255 3902 reus
2288 3862 2489 3916 quam-

457 3945 542 3999 vis
577 3949 772 4013 captus
808 3944 1136 4014 vinctusque
1183 3960 1310 4001 eum
1351 3944 1546 3999 delicti
1582 3942 1837 4014 vestigiis
1884 3948 1943 3999 et
1990 3959 2116 4001 cnm
2150 3944 2391 4001 clamore
2426 3944 2491 3999 in
