2771 4718
1440 348 1525 411 48

459 524 688 611 probet
733 530 908 592 actor
951 526 1037 591 sit
1082 544 1164 591 an
1208 544 1372 593 reus.
1448 522 1572 589 Sed
1618 524 1685 589 in
1730 522 2043 607 omnibus,
2090 542 2253 608 quae
2292 527 2505 589 certa-

458 639 618 705 mini
675 640 982 723 singulari
1035 640 1277 707 nullam
1333 640 1418 705 ad
1470 639 1872 725 probandum
1924 640 2058 705 vim
2114 638 2508 720 tribuerunt,

458 754 578 820 hoc
621 756 808 820 modo
853 756 1291 845 probationem
1337 753 1624 821 effectam
1670 774 1809 820 esse
1852 753 2197 819 verisimile
2242 758 2357 820 est.

592 869 636 936 J
638 888 742 935 am
797 891 944 937 vero
1004 872 1081 937 de
1134 892 1209 937 ea
1255 888 1503 956 quoque
1557 890 1629 936 re
1680 869 2015 935 dicendum
2060 874 2187 951 est,
2248 869 2303 933 si
2350 868 2503 951 quis

460 986 591 1050 vim
637 982 758 1051 sibi
801 985 1045 1052 illatam
1093 1008 1130 1052 a
1177 1006 1244 1053 se
1289 986 1629 1051 defendens
1670 984 1935 1051 alterum
1966 1003 2096 1050 non
2126 982 2355 1049 occidit
2384 982 2506 1047 sed

461 1099 724 1165 violavit
775 1104 1020 1167 tantum
1036 1152 1056 1185 ‚
1112 1102 1378 1187 ideoque
1436 1121 1473 1166 a
1516 1101 1751 1167 violato
1794 1101 1863 1166 in
1906 1100 2208 1184 judicium
2254 1103 2505 1163 tractus

463 1214 542 1280 de
587 1214 814 1281 delicto
859 1217 1196 1283 manifesto
1243 1221 1592 1283 accusatur.
1662 1216 1799 1294 Qua
1844 1216 1925 1281 de
1964 1235 2037 1281 re
2068 1218 2307 1280 statuta
2334 1211 2505 1278 Goe-

461 1329 578 1395 lar.
619 1349 682 1416 p.
718 1332 826 1413 34,
859 1334 945 1398 35
991 1331 1146 1398 haec
1190 1333 1527 1417 praebent:

602 1444 1032 1531 „Anverdiget
1073 1447 1157 1513 ok
1205 1468 1284 1513 en
1329 1448 1453 1513 den
1496 1445 1740 1511 'andern
1780 1445 1947 1511 unde
1974 1445 2045 1509 in
2076 1444 2188 1510 der
2216 1446 2504 1509 notwere

462 1560 648 1625 ienen
693 1562 1064 1657 vorwundet
1109 1562 1272 1627 unde
1318 1562 1481 1627 doch
1524 1556 1919 1647 upgeholden
1963 1563 2158 1643 wert3
2204 1559 2371 1624 unde
2420 1558 2504 1623 de

464 1674 544 1741 de
589 1675 704 1741 dar
746 1675 814 1741 bi
856 1675 1087 1743 hebbet
1129 1678 1480 1761 ghewesen,
1528 1676 1639 1742 dat
1680 1676 1760 1742 he
1807 1696 1923 1742 ene
1968 1675 2180 1741 rechte
2216 1678 2503 1739 notwere

464 1790 665 1858 hebbe
711 1791 977 1875 ghedan‚
1025 1792 1236 1858 willen
1281 1793 1540 1877 tughen,
1586 1811 1808 1859 wanne
1856 1810 1923 1858 se
1969 1791 2079 1857 dat
2118 1788 2351 1855 hebbet
2391 1808 2503 1871 ge·-

465 1906 706 1989 tfighet‚
753 1926 823 1971 so
869 1908 924 1971 is
969 1908 1049 1973 he
1096 1894 1204 1975 des
1248 1906 1456 1974 ledich
1500 1907 1668 1973 unde
1712 1907 1831 1991 los,
1876 1906 2043 1972 unde
2089 1926 2159 1971 so
2188 1909 2325 1971 mot
2352 1922 2503 1969 men

467 2021 594 2087 ime
662 2022 1029 2089 antwarden
1094 2044 1306 2089 umme
1373 2023 1485 2089 dat
1540 2022 1807 2089 unrecht
1858 2022 1972 2087 dat
2026 2041 2110 2086 an
2166 2023 2293 2087 ime
2348 2004 2503 2103 ghe-

469 2135 659 2203 schen
703 2135 825 2203 ie.“

602 2251 736 2330 Quo
797 2272 875 2319 ex
930 2252 1068 2318 loco
1135 2249 1541 2337 intelligitur,
1611 2274 1793 2319 reum
1852 2252 1961 2338 qui
2010 2238 2183 2337 juste
2244 2270 2313 2317 se
2370 2248 2499 2316 vim

469 2369 822 2435 defendisse
864 2389 981 2455 per
1010 2374 1204 2436 testes
1251 2370 1637 2457 probaverit,
1684 2354 2081 2436 accusatione
2126 2387 2254 2433 non
2295 2365 2497 2432 solum

469 2483 728 2550 liberari
764 2484 884 2549 ’sed
928 2485 1120 2550 etiam
1166 2486 1245 2552 de
1275 2503 1433 2572 pace
1462 2485 1699 2552 violata
1728 2490 1951 2552 contra
1990 2484 2260 2552 alterum
2308 2483 2501 2548 actio-

471 2619 619 2665 nem
663 2600 996 2668 instituere
1039 2620 1245 2686 posse.
1898 2599 1907 2606 “
2014 2583 2021 2590 ’

607 2713 912 2780 Similiter
956 2735 1058 2782 res
1119 2733 1188 2782 se
1245 2716 1465 2800 habet,
1522 2715 1580 2782 si
1636 2719 1701 2782 et
1744 2734 2079 2798 aggressor
2120 2717 2185 2779 et
2226 2711 2496 2778 violatus

473 2830 692 2896 eodem
747 2837 1035 2916 tempore
1089 2831 1158 2896 in
1208 2831 1522 2915 judicium
1566 2831 1829 2898 veniunt
1886 2847 2191 2912 suamque
2238 2827 2503 2910 quisque

475 2947 785 3011 actionem
829 2945 1188 3012 instituunt.
1274 2946 1411 3024 Quo
1456 2965 1607 3012 casu
1647 2946 1787 3028 ille,
1848 2945 1955 3029 qui
2000 2943 2359 3027 inculpatae
2404 2947 2504 3006 tu-

473 3059 638 3126 telae
693 3060 1126 3126 moderatione
1183 3081 1252 3128 se
1295 3062 1429 3127 vim
1475 3061 1878 3147 propulsasse
1922 3057 2321 3144 comprobat,
2377 3075 2501 3120 non

474 3176 676 3242 solum
732 3176 1012 3261 priorem
1071 3177 1380 3243 actionem
1441 3173 1817 3259 intendisse,
1878 3175 1989 3241 sed
2034 3173 2229 3240 etiam
2274 3171 2355 3238 de
2398 3171 2503 3236 de-

473 3291 622 3357 licto
668 3291 1002 3357 manifesto
1049 3311 1233 3374 agere
1278 3291 1564 3378 potuisse
1608 3291 1899 3356 traditur.

605 3405 724 3472 Jus
753 3406 1010 3473 VratisL
1046 3428 1100 3473 a.
1135 3410 1302 3474 1261
1335 3407 1374 3490 ᾧ
1401 3409 1519 3473 53:
1573 3406 1711 3490 „Ob
1754 3406 1858 3472 ein
1896 3423 2048 3470 man
2076 3403 2199 3469 den
2232 3401 2503 3468 anderen

475 3509 808 3606 gewundet
853 3573 868 3588 .
897 3573 912 3588 .
963 3543 1080 3590 ane
1110 3543 1276 3589 were
1320 3522 1453 3587 und
1495 3521 1676 3588 recht
1714 3521 1845 3586 und
1884 3519 2319 3602 nnvorklaget.
2374 3515 2501 3582 und

477 3637 579 3704 die
648 3639 804 3706 silbe
869 3657 1021 3704 man
1084 3639 1187 3705 die
1245 3637 1581 3721 gewundet
1634 3637 1691 3702 is
1746 3637 1964 3702 komet
2018 3658 2099 3701 zu
2154 3654 2321 3700 were
2376 3633 2505 3698 und
2614 3726 2623 3734 .

475 3753 734 3819 wundet
768 3755 962 3837 jenen
989 3753 1186 3819 wider
1229 3753 1362 3818 und
1408 3753 1642 3819 schriet
1686 3752 1804 3818 daz
1850 3752 2111 3821 ruochte
2155 3750 2343 3819 umbe
2384 3749 2503 3814 den

476 3868 692 3936 vriede
748 3868 869 3935 den
927 3868 1040 3936 her
1087 3889 1168 3934 an
1222 3868 1351 3934 ime
1408 3868 1759 3952 gebrochen
1816 3865 1944 3934 hat.
2020 3867 2151 3932 und
2199 3885 2281 3932 ne
2322 3863 2503 3930 mach
